2576 3882
365 164 433 222 Lm.
451 166 490 220 111
523 164 601 220 cAP.
620 172 663 235 as,
682 173 716 222 aa
735 172 750 233 s
769 173 882 222 er-ee.
1059 168 1126 234 295

114 309 260 396 potuerit
286 331 345 374 suo
368 309 504 374 consilio
526 310 565 374 de
583 308 695 376 Verre.
735 309 802 375 Iste
825 333 923 396 porro
947 333 1014 377 non
1036 312 1126 378 dubi-

114 399 219 480 tabat,
243 397 321 482 quin
340 397 378 480 is,
402 397 459 481 qui
481 398 581 462 alium
605 403 701 464 antea
725 400 831 464 studio
855 399 1012 466 adductus
1036 422 1126 466 accu-

115 490 230 569 sasset,
250 485 313 550 sibi
332 485 516 552 advenienti
533 491 665 572 praesto
685 491 771 552 esset
789 488 928 572 futurus,
947 511 1020 553 cum
1040 492 1126 554 esset

114 573 260 660 parentis
283 573 410 638 iniuriis
434 577 466 638 et
489 574 666 640 domestico
690 575 801 641 dolore
824 581 1014 642 commotus.

86 679 101 720 ⁶
180 662 294 728 Iamne
316 662 523 748 intellegitis,
549 663 684 747 iudices,
713 684 794 747 quae
821 665 937 748 pestis,
961 686 1043 749 quae
1065 665 1125 729 im·
1135 641 1179 767 {ff

115 751 257 816 manitas
283 751 319 815 in
345 754 460 815 nostra
487 751 727 835 antiquissima,
753 751 943 817 fidelissima
965 753 1126 838 proxima-

116 860 178 924 que
191 838 360 924 provincia
373 842 504 904 versata
518 839 583 904 sit?
603 839 670 904 iam
684 839 811 924 videtis,
825 861 923 924 quam
938 841 980 906 ob
994 863 1126 906 causam

116 927 229 994 Sicilia
250 931 302 992 tot
323 927 493 992 hominum
515 926 605 992 furta
628 931 737 1012 antea,
765 927 911 1013 rapinas,
935 929 1125 1012 iniquitates

114 1015 377 1102 ignominiasque
408 1037 563 1100 perpessa
589 1015 651 1082 hoc
677 1038 743 1081 nou
769 1017 914 1100 potuerit
939 1038 1060 1082 novum
1089 1037 1127 1082 ac

74 1119 102 1162 ιο
116 1103 283 1189 singulare
315 1106 412 1187 atque
444 1103 633 1169 incredibile
666 1125 767 1190 genus
794 1105 986 1169 iniuriarum
1014 1107 1125 1169 contu·

115 1192 350 1276 meliorumque
379 1191 544 1277 perferre?
589 1190 659 1256 Iam
687 1214 799 1258 omnes
826 1193 1037 1279 intellegunt,
1070 1214 1127 1257 cur

115 1281 268 1346 universa
285 1279 452 1363 provincia
470 1279 671 1346 defensorem
694 1303 771 1346 suae
795 1281 910 1346 salutis
934 1303 1008 1345 eum
1031 1302 1126 1364 quae-

116 1368 238 1451 siverit,
257 1367 347 1434 cuius
361 1367 424 1433 iste
440 1368 524 1452 fidei,
543 1368 741 1455 diligentiae,
758 1369 1017 1455 perseverantiae
1036 1369 1127 1434 nulla

115 1457 244 1522 ratione
267 1456 349 1541 eripi
371 1456 485 1541 possit.
526 1455 590 1521 Tot
612 1457 738 1522 iudiciis
761 1457 969 1540 interfuistis,
996 1461 1048 1523 tot
1071 1457 1127 1522 ho-

74 1545 221 1610 emines
252 1547 405 1610 nocentes
437 1548 471 1609 et
501 1544 668 1628 improbos
698 1549 866 1611 accusatos
896 1550 931 1610 et
956 1550 1067 1610 vestra
1094 1549 1128 1610 et

117 1633 322 1717 superiorum
349 1632 506 1698 memoria
529 1632 620 1697 scitis
643 1653 728 1716 esse;
755 1654 888 1716 ecquem
910 1633 1052 1717 vidistis,
1080 1655 1127 1698 ec·

116 1743 214 1805 quem
246 1720 383 1785 audistis
414 1721 450 1784 in
480 1720 583 1784 tantis
614 1719 724 1804 furtis,
755 1720 791 1784 in
817 1724 887 1785 tam
915 1721 1036 1804 apertis
1065 1721 1126 1802 [in]

116 1813 212 1874 tanta
231 1809 373 1892 audacia,
398 1809 458 1889 [in]
478 1812 571 1873 tanta
593 1807 794 1891 impudentia
818 1810 901 1888 [esse
925 1808 1127 1889 versatum]?

118 1897 284 1983 Apronius
308 1896 483 1982 stipatores
493 1896 652 1961 Venerios
676 1918 784 1961 secum
808 1896 965 1979 habebat3
989 1896 1127 1960 ducebat
1146 1910 1181 1960 65

73 2003 104 2044 8⁰
118 2007 175 2051 eos
203 1985 323 2051 circum
351 1984 513 2067 civitates3
543 1984 672 2068 publice
700 1984 763 2048 sibi
791 1983 940 2049 convivia
967 1985 1128 2069 apparari,

118 2074 221 2140 sterni
247 2072 402 2155 triclinia,
429 2075 462 2136 et
484 2071 613 2137 infore
638 2072 740 2136 sterni
762 2072 909 2155 iubebat3
936 2093 974 2136 eo
1000 2073 1129 2136 evocari

117 2162 267 2228 homines
291 2159 540 2226 honestissimos
561 2181 629 2224 non
652 2161 758 2225 solum
781 2157 920 2242 Siculos,
948 2159 1004 2224 sed
1028 2159 1128 2224 etiam

118 2250 245 2335 equites
271 2248 452 2331 Romanos,
478 2251 529 2330 ut,
558 2248 687 2331 quicum
714 2248 823 2314 vivere
850 2268 946 2312 nemo
973 2270 1128 2330 umquam

117 2338 184 2402 nisi
215 2336 320 2422 turpis
347 2336 546 2420 inpurusque
573 2336 745 2420 voluisset,
779 2337 820 2401 ad
848 2336 915 2400 eius
945 2336 1129 2400 convivium

74 2443 104 2487 aa
120 2425 353 2512 spectatissimi
369 2428 467 2508 atque
485 2424 709 2489 honestissimi
726 2424 789 2488 viri
805 2427 1003 2488 tenerentur.
1039 2423 1130 2488 Haec

118 2519 166 2597 tu,
189 2513 334 2580 omnium
352 2511 543 2577 mortalium
560 2512 827 2596 profligatissime
847 2534 884 2577 ac
902 2511 1131 2596 perditissima,

119 2624 194 2668 cum
213 2600 326 2684 scires,
349 2623 422 2666 cum
446 2600 574 2665 audires
597 2599 728 2684 cotidie,
751 2622 825 2666 cum
847 2599 986 2684 videres,
1010 2599 1038 2664 si
1061 2599 1130 2663 sine

119 2695 177 2755 tuo
206 2693 343 2774 quaestu
370 2689 512 2754 maximo
537 2688 665 2771 fierent,
692 2710 765 2753 cum
787 2691 881 2752 tanto
904 2690 962 2752 tuo
985 2687 1130 2772 periculo

118 2779 191 2844 fieri
224 2781 372 2863 paterere
405 2780 503 2860 atque
538 2776 750 2841 concederes?
800 2774 942 2840 Tantum
977 2775 1063 2859 apud
1097 2779 1130 2839 tc

75 2885 105 2926 eo
121 2870 275 2952 quaestus
296 2865 435 2950 Aproni,
462 2863 592 2929 tantum
617 2864 686 2928 eius
715 2885 819 2928 sermo
847 2863 1130 2946 inquinatissimus

119 2959 153 3020 et
180 2953 359 3020 blanditiae
385 2953 569 3039 flagitiosae
592 2953 777 3033 valuerunt,
803 2954 842 3015 ut
863 2972 1041 3034 numquam
1064 2950 1131 3015 ani-

119 3065 210 3110 mum
227 3045 321 3108 tuum
339 3063 416 3107 cura
435 3046 566 3106 tuarum
588 3040 794 3105 fortunarum
816 3038 1038 3123 cogitatioque
1061 3042 1132 3102 tan-

120 3131 234 3218 geret?
276 3128 425 3214 Oernitis,
448 3128 578 3212 iudices,
601 3127 687 3212 quod
711 3131 744 3192 et
767 3130 925 3207 quantum
947 3124 1131 3191 incendium
1150 3146 1184 3196 ec

120 3220 373 3285 decumanorum
391 3217 518 3301 impetu
534 3238 601 3281 non
620 3217 726 3280 solum
745 3236 803 3300 per
822 3235 929 3300 agros,
953 3213 1008 3278 sed
1032 3213 1132 3277 etiam

76 3323 106 3366 ³⁵
120 3329 179 3393 per
192 3307 334 3390 reliquas
351 3306 500 3370 fortunas
519 3308 695 3388 aratorum,
713 3324 817 3386 neque
836 3303 942 3367 solum
960 3323 1019 3387 per
1037 3301 1132 3385 bona,
1188 3305 1191 3312 ’

120 3395 178 3462 sed
200 3395 300 3460 etiam
318 3415 376 3480 per
394 3394 467 3458 iura
484 3391 647 3458 libertatis
671 3394 704 3456 et
727 3390 870 3457 civitatis
893 3390 958 3455 isto
981 3393 1132 3475 praetore

118 3484 310 3570 pervaserit.
354 3479 481 3546 Videtis
509 3480 648 3565 pendere
676 3479 759 3544 alios
787 3501 825 3544 ex
851 3479 981 3564 arbore,
1008 3476 1132 3564 pulsari
