<?xml version="1.0" encoding="UTF-8"?>
<!DOCTYPE html PUBLIC "-//W3C//DTD XHTML 1.0 Transitional//EN"
    "http://www.w3.org/TR/xhtml1/DTD/xhtml1-transitional.dtd">
<html xmlns="http://www.w3.org/1999/xhtml" xml:lang="en" lang="en">
 <head>
  <title>
</title>
<meta http-equiv="Content-Type" content="text/html;charset=utf-8" />
  <meta name='ocr-system' content='tesseract 3.04.00' />
  <meta name='ocr-capabilities' content='ocr_page ocr_carea ocr_par ocr_line ocrx_word'/>
</head>
<body>
  <div class='ocr_page' id='page_1' title='image "./scriptaquaemans01mullgoog_0503.png"; bbox 0 0 2622 3884; ppageno 0'>
   <div class='ocr_carea' id='block_1_1' title="bbox 231 160 938 231">
    <p class='ocr_par' dir='ltr' id='par_1_1' title="bbox 231 160 938 231">
     <span class='ocr_line' id='line_1_1' title="bbox 231 160 938 231; baseline -0.021 0"><span class='ocrx_word' id='word_1_1' title='bbox 231 165 296 231; x_wconf 87' lang='grc'><strong>388</strong></span> <span class='ocrx_word' id='word_1_2' title='bbox 531 161 571 217; x_wconf 84' lang='lat' dir='ltr'><strong>IN</strong></span> <span class='ocrx_word' id='word_1_3' title='bbox 590 162 619 219; x_wconf 75' lang='lat' dir='ltr'><strong>C,</strong></span> <span class='ocrx_word' id='word_1_4' title='bbox 633 161 788 217; x_wconf 81' lang='lat' dir='ltr'><strong>VERREM</strong></span> <span class='ocrx_word' id='word_1_5' title='bbox 805 160 885 216; x_wconf 84' lang='lat' dir='ltr'><strong>ACT.</strong></span> <span class='ocrx_word' id='word_1_6' title='bbox 904 161 938 216; x_wconf 90' lang='lat' dir='ltr'><strong>II.</strong></span> 
     </span>
    </p>
   </div>
   <div class='ocr_carea' id='block_1_2' title="bbox 179 303 1295 3569">
    <p class='ocr_par' dir='ltr' id='par_1_2' title="bbox 179 303 1295 3569">
     <span class='ocr_line' id='line_1_2' title="bbox 230 303 1237 391; baseline -0.005 -16"><span class='ocrx_word' id='word_1_7' title='bbox 230 331 303 375; x_wconf 88' lang='lat' dir='ltr'><strong>rare</strong></span> <span class='ocrx_word' id='word_1_8' title='bbox 330 309 502 374; x_wconf 86' lang='lat' dir='ltr'><strong>videretur.</strong></span> <span class='ocrx_word' id='word_1_9' title='bbox 541 306 643 373; x_wconf 90' lang='lat' dir='ltr'><strong>Nulla</strong></span> <span class='ocrx_word' id='word_1_10' title='bbox 668 307 783 373; x_wconf 91' lang='lat' dir='ltr'><strong>domus</strong></span> <span class='ocrx_word' id='word_1_11' title='bbox 805 306 841 372; x_wconf 92' lang='lat' dir='ltr'><strong>in</strong></span> <span class='ocrx_word' id='word_1_12' title='bbox 862 303 974 371; x_wconf 78' lang='lat' dir='ltr'><strong>Sicilia</strong></span> <span class='ocrx_word' id='word_1_13' title='bbox 996 306 1143 391; x_wconf 78' lang='lat' dir='ltr'>locuples</span> <span class='ocrx_word' id='word_1_14' title='bbox 1165 305 1237 391; x_wconf 82' lang='lat' dir='ltr'><strong>fuit,</strong></span> 
     </span>
     <span class='ocr_line' id='line_1_3' title="bbox 179 391 1239 480; baseline -0.002 -19"><span class='ocrx_word' id='word_1_15' title='bbox 179 411 213 462; x_wconf 80' lang='lat' dir='ltr'><strong>ss</strong></span> <span class='ocrx_word' id='word_1_16' title='bbox 231 399 288 463; x_wconf 92' lang='lat' dir='ltr'><strong>ubi</strong></span> <span class='ocrx_word' id='word_1_17' title='bbox 314 397 376 463; x_wconf 87' lang='lat' dir='ltr'><strong>iste</strong></span> <span class='ocrx_word' id='word_1_18' title='bbox 403 418 469 463; x_wconf 92' lang='lat' dir='ltr'><strong>non</strong></span> <span class='ocrx_word' id='word_1_19' title='bbox 496 396 674 461; x_wconf 85' lang='lat' dir='ltr'><strong>textrinum</strong></span> <span class='ocrx_word' id='word_1_20' title='bbox 696 393 885 460; x_wconf 87' lang='lat' dir='ltr'><strong>instituerit.</strong></span> <span class='ocrx_word' id='word_1_21' title='bbox 929 393 1048 460; x_wconf 86' lang='lat' dir='ltr'><strong>Mulier</strong></span> <span class='ocrx_word' id='word_1_22' title='bbox 1072 398 1122 460; x_wconf 90' lang='lat' dir='ltr'><strong>est</strong></span> <span class='ocrx_word' id='word_1_23' title='bbox 1145 391 1239 480; x_wconf 82' lang='lat' dir='ltr'><strong>Sege-</strong></span> 
     </span>
     <span class='ocr_line' id='line_1_4' title="bbox 232 482 1239 570; baseline -0.003 -19"><span class='ocrx_word' id='word_1_24' title='bbox 232 490 327 551; x_wconf 77' lang='lat' dir='ltr'><strong>stana</strong></span> <span class='ocrx_word' id='word_1_25' title='bbox 340 485 487 570; x_wconf 81' lang='lat' dir='ltr'><strong>perdives</strong></span> <span class='ocrx_word' id='word_1_26' title='bbox 502 489 536 550; x_wconf 90' lang='lat' dir='ltr'><strong>et</strong></span> <span class='ocrx_word' id='word_1_27' title='bbox 547 485 677 567; x_wconf 90' lang='lat' dir='ltr'><strong>nobilis,</strong></span> <span class='ocrx_word' id='word_1_28' title='bbox 695 483 811 549; x_wconf 83' lang='lat' dir='ltr'><strong>Lamia</strong></span> <span class='ocrx_word' id='word_1_29' title='bbox 824 482 968 569; x_wconf 71' lang='lat' dir='ltr'><strong>nomine,</strong></span> <span class='ocrx_word' id='word_1_30' title='bbox 985 504 1045 568; x_wconf 90' lang='lat' dir='ltr'><strong>per</strong></span> <span class='ocrx_word' id='word_1_31' title='bbox 1062 483 1239 549; x_wconf 79' lang='lat' dir='ltr'><strong>triennium</strong></span> 
     </span>
     <span class='ocr_line' id='line_1_5' title="bbox 230 571 1240 659; baseline -0.005 -19"><span class='ocrx_word' id='word_1_32' title='bbox 230 575 287 640; x_wconf 88' lang='lat' dir='ltr'><strong>isti</strong></span> <span class='ocrx_word' id='word_1_33' title='bbox 316 576 413 659; x_wconf 91' lang='lat' dir='ltr'><strong>plena</strong></span> <span class='ocrx_word' id='word_1_34' title='bbox 440 575 535 639; x_wconf 93' lang='lat' dir='ltr'><strong>domo</strong></span> <span class='ocrx_word' id='word_1_35' title='bbox 563 574 704 639; x_wconf 88' lang='lat' dir='ltr'><strong>telarum</strong></span> <span class='ocrx_word' id='word_1_36' title='bbox 731 571 914 658; x_wconf 71' lang='lat' dir='ltr'>stragulam</span> <span class='ocrx_word' id='word_1_37' title='bbox 941 576 1066 637; x_wconf 88' lang='lat' dir='ltr'><strong>vestem</strong></span> <span class='ocrx_word' id='word_1_38' title='bbox 1093 571 1240 656; x_wconf 89' lang='lat' dir='ltr'><strong>confecit,</strong></span> 
     </span>
     <span class='ocr_line' id='line_1_6' title="bbox 230 658 1263 746; baseline -0.008 -18"><span class='ocrx_word' id='word_1_39' title='bbox 230 662 315 728; x_wconf 88' lang='lat' dir='ltr'><strong>nihil</strong></span> <span class='ocrx_word' id='word_1_40' title='bbox 327 661 392 727; x_wconf 92' lang='lat' dir='ltr'><strong>nisi</strong></span> <span class='ocrx_word' id='word_1_41' title='bbox 410 662 579 746; x_wconf 92' lang='lat' dir='ltr'><strong>conchylio</strong></span> <span class='ocrx_word' id='word_1_42' title='bbox 596 662 745 745; x_wconf 89' lang='lat' dir='ltr'><strong>tinctum,</strong></span> <span class='ocrx_word' id='word_1_43' title='bbox 759 658 903 744; x_wconf 87' lang='lat' dir='ltr'><strong>Attalus,</strong></span> <span class='ocrx_word' id='word_1_44' title='bbox 922 660 1020 726; x_wconf 90' lang='lat' dir='ltr'><strong>homo</strong></span> <span class='ocrx_word' id='word_1_45' title='bbox 1039 660 1263 744; x_wconf 77' lang='lat' dir='ltr'><strong>pecuniosus,s</strong></span> 
     </span>
     <span class='ocr_line' id='line_1_7' title="bbox 231 746 1241 836; baseline -0.005 -19"><span class='ocrx_word' id='word_1_46' title='bbox 231 751 323 835; x_wconf 86' lang='lat' dir='ltr'><strong>Neti,</strong></span> <span class='ocrx_word' id='word_1_47' title='bbox 363 750 449 836; x_wconf 86' lang='lat' dir='ltr'><strong>Lyso</strong></span> <span class='ocrx_word' id='word_1_48' title='bbox 489 750 650 835; x_wconf 81' lang='lat' dir='ltr'><strong>Lilybaei,</strong></span> <span class='ocrx_word' id='word_1_49' title='bbox 692 747 856 816; x_wconf 78' lang='lat' dir='ltr'><strong>Critolaus</strong></span> <span class='ocrx_word' id='word_1_50' title='bbox 891 749 1031 834; x_wconf 90' lang='lat' dir='ltr'><strong>Aetnae,</strong></span> <span class='ocrx_word' id='word_1_51' title='bbox 1073 746 1241 833; x_wconf 81' lang='lat' dir='ltr'><strong>Syracusis</strong></span> 
     </span>
     <span class='ocr_line' id='line_1_8' title="bbox 232 835 1242 924; baseline -0.004 -19"><span class='ocrx_word' id='word_1_52' title='bbox 232 838 400 924; x_wconf 80' lang='lat' dir='ltr'><strong>Aeschrio,</strong></span> <span class='ocrx_word' id='word_1_53' title='bbox 416 837 614 924; x_wconf 80' lang='lat' dir='ltr'><strong>Cleomenes,</strong></span> <span class='ocrx_word' id='word_1_54' title='bbox 632 837 880 922; x_wconf 75' lang='lat' dir='ltr'><strong>Theomnastus,</strong></span> <span class='ocrx_word' id='word_1_55' title='bbox 898 836 1015 902; x_wconf 87' lang='lat' dir='ltr'><strong>Helori</strong></span> <span class='ocrx_word' id='word_1_56' title='bbox 1027 835 1242 903; x_wconf 83' lang='lat' dir='ltr'><strong>Archonidas.</strong></span> 
     </span>
     <span class='ocr_line' id='line_1_9' title="bbox 231 925 1244 1010; baseline -0.004 -17"><span class='ocrx_word' id='word_1_57' title='bbox 231 927 311 993; x_wconf 90' lang='lat' dir='ltr'><strong>Dies</strong></span> <span class='ocrx_word' id='word_1_58' title='bbox 330 949 382 992; x_wconf 90' lang='lat' dir='ltr'><strong>me</strong></span> <span class='ocrx_word' id='word_1_59' title='bbox 401 927 496 994; x_wconf 91' lang='lat' dir='ltr'><strong>citius</strong></span> <span class='ocrx_word' id='word_1_60' title='bbox 515 925 667 992; x_wconf 82' lang='lat' dir='ltr'><strong>defecerit</strong></span> <span class='ocrx_word' id='word_1_61' title='bbox 690 948 788 1010; x_wconf 90' lang='lat' dir='ltr'><strong>quam</strong></span> <span class='ocrx_word' id='word_1_62' title='bbox 810 925 953 992; x_wconf 91' lang='lat' dir='ltr'><strong>nomina.</strong></span> <span class='ocrx_word' id='word_1_63' title='bbox 980 962 1019 972; x_wconf 95' lang='lat'><strong>—</strong></span> <span class='ocrx_word' id='word_1_64' title='bbox 1043 925 1118 1010; x_wconf 92' lang='lat' dir='ltr'><strong>Ipse</strong></span> <span class='ocrx_word' id='word_1_65' title='bbox 1142 925 1244 991; x_wconf 83' lang='lat' dir='ltr'><strong>dabat</strong></span> 
     </span>
     <span class='ocr_line' id='line_1_10' title="bbox 231 1012 1243 1102; baseline -0.002 -22"><span class='ocrx_word' id='word_1_66' title='bbox 231 1038 419 1102; x_wconf 86' lang='lat' dir='ltr'><strong>purpuram,</strong></span> <span class='ocrx_word' id='word_1_67' title='bbox 437 1018 567 1081; x_wconf 90' lang='lat' dir='ltr'><strong>tantum</strong></span> <span class='ocrx_word' id='word_1_68' title='bbox 585 1036 718 1099; x_wconf 88' lang='lat' dir='ltr'><strong>operam</strong></span> <span class='ocrx_word' id='word_1_69' title='bbox 736 1014 841 1080; x_wconf 89' lang='lat' dir='ltr'><strong>amici.</strong></span> <span class='ocrx_word' id='word_1_70' title='bbox 866 1051 904 1061; x_wconf 95' lang='lat'>—</span> <span class='ocrx_word' id='word_1_71' title='bbox 930 1012 1048 1098; x_wconf 80' lang='lat' dir='ltr'><strong>Gredo;</strong></span> <span class='ocrx_word' id='word_1_72' title='bbox 1070 1013 1137 1078; x_wconf 89' lang='lat' dir='ltr'><strong>iam</strong></span> <span class='ocrx_word' id='word_1_73' title='bbox 1156 1013 1243 1080; x_wconf 91' lang='lat' dir='ltr'><strong>enim</strong></span> 
     </span>
     <span class='ocr_line' id='line_1_11' title="bbox 231 1101 1275 1188; baseline -0.006 -20"><span class='ocrx_word' id='word_1_74' title='bbox 231 1126 298 1170; x_wconf 93' lang='lat' dir='ltr'><strong>non</strong></span> <span class='ocrx_word' id='word_1_75' title='bbox 325 1105 407 1169; x_wconf 88' lang='lat' dir='ltr'><strong>libet</strong></span> <span class='ocrx_word' id='word_1_76' title='bbox 435 1103 544 1169; x_wconf 90' lang='lat' dir='ltr'><strong>omnia</strong></span> <span class='ocrx_word' id='word_1_77' title='bbox 567 1103 744 1188; x_wconf 81' lang='lat' dir='ltr'><strong>criminari3</strong></span> <span class='ocrx_word' id='word_1_78' title='bbox 772 1102 964 1188; x_wconf 82' lang='lat' dir='ltr'><strong>quasivero</strong></span> <span class='ocrx_word' id='word_1_79' title='bbox 987 1102 1050 1168; x_wconf 92' lang='lat' dir='ltr'><strong>hcc</strong></span> <span class='ocrx_word' id='word_1_80' title='bbox 1072 1101 1155 1167; x_wconf 91' lang='lat' dir='ltr'><strong>mihi</strong></span> <span class='ocrx_word' id='word_1_81' title='bbox 1176 1123 1275 1166; x_wconf 86' lang='lat' dir='ltr'><strong>monn</strong></span> 
     </span>
     <span class='ocr_line' id='line_1_12' title="bbox 233 1190 1244 1275; baseline -0.003 -17"><span class='ocrx_word' id='word_1_82' title='bbox 233 1193 314 1258; x_wconf 91' lang='lat' dir='ltr'><strong>satis</strong></span> <span class='ocrx_word' id='word_1_83' title='bbox 333 1192 377 1256; x_wconf 88' lang='lat' dir='ltr'><strong>sit</strong></span> <span class='ocrx_word' id='word_1_84' title='bbox 396 1192 437 1257; x_wconf 90' lang='lat' dir='ltr'><strong>ad</strong></span> <span class='ocrx_word' id='word_1_85' title='bbox 455 1191 585 1275; x_wconf 85' lang='lat' dir='ltr'><strong>crimen,</strong></span> <span class='ocrx_word' id='word_1_86' title='bbox 603 1191 757 1256; x_wconf 88' lang='lat' dir='ltr'><strong>habuisse</strong></span> <span class='ocrx_word' id='word_1_87' title='bbox 776 1196 845 1257; x_wconf 89' lang='lat' dir='ltr'><strong>tam</strong></span> <span class='ocrx_word' id='word_1_88' title='bbox 863 1191 1013 1275; x_wconf 92' lang='lat' dir='ltr'><strong>multum,</strong></span> <span class='ocrx_word' id='word_1_89' title='bbox 1036 1190 1124 1275; x_wconf 91' lang='lat' dir='ltr'><strong>quod</strong></span> <span class='ocrx_word' id='word_1_90' title='bbox 1141 1190 1244 1274; x_wconf 87' lang='lat' dir='ltr'><strong>daret,</strong></span> 
     </span>
     <span class='ocr_line' id='line_1_13' title="bbox 232 1278 1245 1364; baseline -0.004 -18"><span class='ocrx_word' id='word_1_91' title='bbox 232 1280 375 1346; x_wconf 84' lang='lat' dir='ltr'><strong>voluisse</strong></span> <span class='ocrx_word' id='word_1_92' title='bbox 394 1279 565 1364; x_wconf 88' lang='lat' dir='ltr'><strong>deportare</strong></span> <span class='ocrx_word' id='word_1_93' title='bbox 583 1283 653 1344; x_wconf 88' lang='lat' dir='ltr'><strong>tam</strong></span> <span class='ocrx_word' id='word_1_94' title='bbox 671 1280 786 1363; x_wconf 91' lang='lat' dir='ltr'><strong>multa,</strong></span> <span class='ocrx_word' id='word_1_95' title='bbox 807 1279 870 1344; x_wconf 93' lang='lat' dir='ltr'><strong>hoc</strong></span> <span class='ocrx_word' id='word_1_96' title='bbox 891 1278 1037 1363; x_wconf 89' lang='lat' dir='ltr'><strong>denique,</strong></span> <span class='ocrx_word' id='word_1_97' title='bbox 1060 1278 1147 1363; x_wconf 91' lang='lat' dir='ltr'><strong>quod</strong></span> <span class='ocrx_word' id='word_1_98' title='bbox 1171 1301 1245 1344; x_wconf 90' lang='lat' dir='ltr'><strong>con·</strong></span> 
     </span>
     <span class='ocr_line' id='line_1_14' title="bbox 233 1366 1244 1452; baseline -0.003 -18"><span class='ocrx_word' id='word_1_99' title='bbox 233 1367 331 1450; x_wconf 91' lang='lat' dir='ltr'><strong>cedit,</strong></span> <span class='ocrx_word' id='word_1_100' title='bbox 363 1368 541 1434; x_wconf 90' lang='lat' dir='ltr'><strong>amicorum</strong></span> <span class='ocrx_word' id='word_1_101' title='bbox 572 1367 680 1452; x_wconf 89' lang='lat' dir='ltr'><strong>operis</strong></span> <span class='ocrx_word' id='word_1_102' title='bbox 712 1388 782 1432; x_wconf 90' lang='lat' dir='ltr'><strong>esse</strong></span> <span class='ocrx_word' id='word_1_103' title='bbox 808 1367 844 1432; x_wconf 93' lang='lat' dir='ltr'><strong>in</strong></span> <span class='ocrx_word' id='word_1_104' title='bbox 870 1367 1003 1432; x_wconf 89' lang='lat' dir='ltr'><strong>huiusce</strong></span> <span class='ocrx_word' id='word_1_105' title='bbox 1029 1366 1119 1432; x_wconf 90' lang='lat' dir='ltr'><strong>modi</strong></span> <span class='ocrx_word' id='word_1_106' title='bbox 1144 1367 1244 1432; x_wconf 90' lang='lat' dir='ltr'><strong>rebus</strong></span> 
     </span>
     <span class='ocr_line' id='line_1_15' title="bbox 180 1455 1245 1522; baseline 0 -2"><span class='ocrx_word' id='word_1_107' title='bbox 180 1470 214 1520; x_wconf 77' lang='lat'><strong>60</strong></span> <span class='ocrx_word' id='word_1_108' title='bbox 233 1477 336 1521; x_wconf 92' lang='lat' dir='ltr'><strong>usum.</strong></span> <span class='ocrx_word' id='word_1_109' title='bbox 381 1455 452 1521; x_wconf 87' lang='lat' dir='ltr'><strong>Iam</strong></span> <span class='ocrx_word' id='word_1_110' title='bbox 477 1477 555 1521; x_wconf 85' lang='lat' dir='ltr'><strong>vero</strong></span> <span class='ocrx_word' id='word_1_111' title='bbox 582 1457 683 1521; x_wconf 89' lang='lat' dir='ltr'><strong>lectos</strong></span> <span class='ocrx_word' id='word_1_112' title='bbox 711 1459 839 1521; x_wconf 88' lang='lat' dir='ltr'><strong>aeratos</strong></span> <span class='ocrx_word' id='word_1_113' title='bbox 867 1459 901 1520; x_wconf 89' lang='lat' dir='ltr'><strong>et</strong></span> <span class='ocrx_word' id='word_1_114' title='bbox 925 1455 1120 1522; x_wconf 89' lang='lat' dir='ltr'><strong>candelabra</strong></span> <span class='ocrx_word' id='word_1_115' title='bbox 1143 1460 1245 1522; x_wconf 74' lang='lat' dir='ltr'><strong>alinea</strong></span> 
     </span>
     <span class='ocr_line' id='line_1_16' title="bbox 232 1541 1274 1629; baseline -0.006 -21"><span class='ocrx_word' id='word_1_116' title='bbox 232 1566 312 1608; x_wconf 92' lang='lat' dir='ltr'><strong>num</strong></span> <span class='ocrx_word' id='word_1_117' title='bbox 335 1543 386 1609; x_wconf 92' lang='lat' dir='ltr'><strong>cui</strong></span> <span class='ocrx_word' id='word_1_118' title='bbox 408 1546 538 1628; x_wconf 91' lang='lat' dir='ltr'><strong>praeter</strong></span> <span class='ocrx_word' id='word_1_119' title='bbox 559 1543 660 1609; x_wconf 91' lang='lat' dir='ltr'><strong>istum</strong></span> <span class='ocrx_word' id='word_1_120' title='bbox 683 1541 851 1629; x_wconf 81' lang='lat' dir='ltr'><strong>Syracusis</strong></span> <span class='ocrx_word' id='word_1_121' title='bbox 874 1565 933 1629; x_wconf 89' lang='lat' dir='ltr'><strong>per</strong></span> <span class='ocrx_word' id='word_1_122' title='bbox 954 1543 1130 1609; x_wconf 90' lang='lat' dir='ltr'><strong>triennium</strong></span> <span class='ocrx_word' id='word_1_123' title='bbox 1154 1543 1274 1609; x_wconf 76' lang='lat' dir='ltr'><strong>factas</strong></span> 
     </span>
     <span class='ocr_line' id='line_1_17' title="bbox 233 1630 1244 1718; baseline -0.002 -20"><span class='ocrx_word' id='word_1_124' title='bbox 233 1653 304 1698; x_wconf 86' lang='lat' dir='ltr'><strong>esse</strong></span> <span class='ocrx_word' id='word_1_125' title='bbox 326 1632 543 1697; x_wconf 82' lang='lat' dir='ltr'><strong>existimatis?</strong></span> <span class='ocrx_word' id='word_1_126' title='bbox 574 1669 612 1680; x_wconf 93' lang='lat'>-</span> <span class='ocrx_word' id='word_1_127' title='bbox 640 1630 790 1698; x_wconf 77' lang='lat' dir='ltr'><strong>Emebat.</strong></span> <span class='ocrx_word' id='word_1_128' title='bbox 817 1669 861 1681; x_wconf 93' lang='lat'><em>-</em></span> <span class='ocrx_word' id='word_1_129' title='bbox 889 1630 1007 1718; x_wconf 78' lang='lat' dir='ltr'><strong>Sred03</strong></span> <span class='ocrx_word' id='word_1_130' title='bbox 1034 1632 1091 1697; x_wconf 90' lang='lat' dir='ltr'><strong>sed</strong></span> <span class='ocrx_word' id='word_1_131' title='bbox 1112 1635 1244 1697; x_wconf 88' lang='lat' dir='ltr'><strong>tantum</strong></span> 
     </span>
     <span class='ocr_line' id='line_1_18' title="bbox 232 1719 1244 1806; baseline -0.002 -20"><span class='ocrx_word' id='word_1_132' title='bbox 232 1741 292 1786; x_wconf 81' lang='lat' dir='ltr'><strong>ros</strong></span> <span class='ocrx_word' id='word_1_133' title='bbox 324 1722 493 1805; x_wconf 85' lang='lat' dir='ltr'><strong>certiores,</strong></span> <span class='ocrx_word' id='word_1_134' title='bbox 524 1720 658 1804; x_wconf 90' lang='lat' dir='ltr'><strong>iudices,</strong></span> <span class='ocrx_word' id='word_1_135' title='bbox 689 1721 788 1806; x_wconf 82' lang='lat' dir='ltr'><strong>facio,</strong></span> <span class='ocrx_word' id='word_1_136' title='bbox 820 1719 987 1806; x_wconf 89' lang='lat' dir='ltr'><strong>quidiste</strong></span> <span class='ocrx_word' id='word_1_137' title='bbox 1013 1721 1049 1785; x_wconf 93' lang='lat' dir='ltr'><strong>in</strong></span> <span class='ocrx_word' id='word_1_138' title='bbox 1075 1719 1244 1806; x_wconf 85' lang='lat' dir='ltr'><strong>provincia</strong></span> 
     </span>
     <span class='ocr_line' id='line_1_19' title="bbox 233 1807 1295 1896; baseline -0.001 -23"><span class='ocrx_word' id='word_1_139' title='bbox 233 1812 366 1895; x_wconf 88' lang='lat' dir='ltr'><strong>praetor</strong></span> <span class='ocrx_word' id='word_1_140' title='bbox 393 1809 511 1895; x_wconf 88' lang='lat' dir='ltr'><strong>egerit,</strong></span> <span class='ocrx_word' id='word_1_141' title='bbox 537 1830 578 1875; x_wconf 91' lang='lat' dir='ltr'><strong>ne</strong></span> <span class='ocrx_word' id='word_1_142' title='bbox 601 1809 652 1875; x_wconf 89' lang='lat' dir='ltr'><strong>oui</strong></span> <span class='ocrx_word' id='word_1_143' title='bbox 675 1810 759 1874; x_wconf 88' lang='lat' dir='ltr'><strong>forte</strong></span> <span class='ocrx_word' id='word_1_144' title='bbox 781 1810 959 1896; x_wconf 82' lang='lat' dir='ltr'><strong>neglegens</strong></span> <span class='ocrx_word' id='word_1_145' title='bbox 981 1808 1117 1873; x_wconf 91' lang='lat' dir='ltr'><strong>nimium</strong></span> <span class='ocrx_word' id='word_1_146' title='bbox 1141 1807 1243 1873; x_wconf 84' lang='lat' dir='ltr'><strong>fuisse</strong></span> <span class='ocrx_word' id='word_1_147' title='bbox 1294 1819 1295 1880; x_wconf 68' lang='lat' dir='ltr'>l</span> 
     </span>
     <span class='ocr_line' id='line_1_20' title="bbox 232 1891 1295 1984; baseline -0.001 -22"><span class='ocrx_word' id='word_1_148' title='bbox 232 1897 382 1962; x_wconf 83' lang='lat' dir='ltr'><strong>videatur</strong></span> <span class='ocrx_word' id='word_1_149' title='bbox 412 1918 517 1981; x_wconf 90' lang='lat' dir='ltr'><strong>neque</strong></span> <span class='ocrx_word' id='word_1_150' title='bbox 549 1919 583 1962; x_wconf 92' lang='lat' dir='ltr'><strong>se</strong></span> <span class='ocrx_word' id='word_1_151' title='bbox 616 1897 710 1982; x_wconf 86' lang='lat' dir='ltr'><strong>satis,</strong></span> <span class='ocrx_word' id='word_1_152' title='bbox 746 1920 819 1964; x_wconf 91' lang='lat' dir='ltr'><strong>cum</strong></span> <span class='ocrx_word' id='word_1_153' title='bbox 850 1900 1049 1984; x_wconf 89' lang='lat' dir='ltr'><strong>potestatem</strong></span> <span class='ocrx_word' id='word_1_154' title='bbox 1080 1897 1243 1980; x_wconf 85' lang='lat' dir='ltr'><strong>habuerit,</strong></span> <span class='ocrx_word' id='word_1_155' title='bbox 1294 1891 1295 1910; x_wconf 60' lang='lat'>¹</span> 
     </span>
     <span class='ocr_line' id='line_1_21' title="bbox 233 1985 1272 2051; baseline 0 -1"><span class='ocrx_word' id='word_1_156' title='bbox 233 1985 428 2050; x_wconf 82' lang='lat' dir='ltr'><strong>instruxisse</strong></span> <span class='ocrx_word' id='word_1_157' title='bbox 451 1989 485 2051; x_wconf 91' lang='lat' dir='ltr'><strong>et</strong></span> <span class='ocrx_word' id='word_1_158' title='bbox 508 2007 649 2051; x_wconf 90' lang='lat' dir='ltr'><strong>ornasse.</strong></span> <span class='ocrx_word' id='word_1_159' title='bbox 1254 2004 1272 2042; x_wconf 79' lang='lat' dir='ltr'><strong>u</strong></span> 
     </span>
     <span class='ocr_line' id='line_1_22' title="bbox 180 2070 1242 2158; baseline 0.001 -21"><span class='ocrx_word' id='word_1_160' title='bbox 180 2070 223 2137; x_wconf 77' lang='lat'><strong>27</strong></span> <span class='ocrx_word' id='word_1_161' title='bbox 301 2073 405 2138; x_wconf 88' lang='lat' dir='ltr'><strong>Venio</strong></span> <span class='ocrx_word' id='word_1_162' title='bbox 424 2094 510 2138; x_wconf 89' lang='lat' dir='ltr'><strong>nnnc</strong></span> <span class='ocrx_word' id='word_1_163' title='bbox 527 2095 594 2139; x_wconf 94' lang='lat' dir='ltr'><strong>non</strong></span> <span class='ocrx_word' id='word_1_164' title='bbox 610 2074 678 2138; x_wconf 90' lang='lat' dir='ltr'><strong>iam</strong></span> <span class='ocrx_word' id='word_1_165' title='bbox 696 2073 738 2138; x_wconf 89' lang='lat' dir='ltr'><strong>ad</strong></span> <span class='ocrx_word' id='word_1_166' title='bbox 754 2073 888 2158; x_wconf 89' lang='lat' dir='ltr'><strong>furtum,</strong></span> <span class='ocrx_word' id='word_1_167' title='bbox 910 2095 977 2139; x_wconf 93' lang='lat' dir='ltr'><strong>non</strong></span> <span class='ocrx_word' id='word_1_168' title='bbox 995 2073 1037 2139; x_wconf 82' lang='lat' dir='ltr'><strong>ad</strong></span> <span class='ocrx_word' id='word_1_169' title='bbox 1059 2073 1242 2158; x_wconf 79' lang='lat' dir='ltr'><strong>auaritiam,</strong></span> 
     </span>
     <span class='ocr_line' id='line_1_23' title="bbox 233 2161 1242 2247; baseline 0 -21"><span class='ocrx_word' id='word_1_170' title='bbox 233 2183 301 2227; x_wconf 93' lang='lat' dir='ltr'><strong>non</strong></span> <span class='ocrx_word' id='word_1_171' title='bbox 318 2161 360 2226; x_wconf 91' lang='lat' dir='ltr'><strong>ad</strong></span> <span class='ocrx_word' id='word_1_172' title='bbox 379 2161 599 2246; x_wconf 88' lang='lat' dir='ltr'><strong>cupiditatem,</strong></span> <span class='ocrx_word' id='word_1_173' title='bbox 623 2161 679 2226; x_wconf 90' lang='lat' dir='ltr'><strong>sed</strong></span> <span class='ocrx_word' id='word_1_174' title='bbox 697 2161 738 2226; x_wconf 88' lang='lat' dir='ltr'><strong>ad</strong></span> <span class='ocrx_word' id='word_1_175' title='bbox 761 2162 828 2226; x_wconf 89' lang='lat' dir='ltr'><strong>eius</strong></span> <span class='ocrx_word' id='word_1_176' title='bbox 852 2161 940 2228; x_wconf 91' lang='lat' dir='ltr'><strong>modi</strong></span> <span class='ocrx_word' id='word_1_177' title='bbox 961 2161 1096 2247; x_wconf 83' lang='lat' dir='ltr'><strong>facinus,</strong></span> <span class='ocrx_word' id='word_1_178' title='bbox 1119 2162 1155 2226; x_wconf 93' lang='lat' dir='ltr'><strong>in</strong></span> <span class='ocrx_word' id='word_1_179' title='bbox 1179 2184 1242 2246; x_wconf 91' lang='lat' dir='ltr'><strong>quo</strong></span> 
     </span>
     <span class='ocr_line' id='line_1_24' title="bbox 235 2241 1294 2334; baseline 0 -19"><span class='ocrx_word' id='word_1_180' title='bbox 235 2249 345 2315; x_wconf 89' lang='lat' dir='ltr'><strong>omnia</strong></span> <span class='ocrx_word' id='word_1_181' title='bbox 371 2250 497 2314; x_wconf 89' lang='lat' dir='ltr'><strong>nefaria</strong></span> <span class='ocrx_word' id='word_1_182' title='bbox 523 2249 682 2315; x_wconf 86' lang='lat' dir='ltr'><strong>contineri</strong></span> <span class='ocrx_word' id='word_1_183' title='bbox 709 2249 791 2314; x_wconf 92' lang='lat' dir='ltr'><strong>mihi</strong></span> <span class='ocrx_word' id='word_1_184' title='bbox 813 2253 911 2334; x_wconf 85' lang='lat' dir='ltr'><strong>atque</strong></span> <span class='ocrx_word' id='word_1_185' title='bbox 933 2250 1039 2315; x_wconf 90' lang='lat' dir='ltr'><strong>inesse</strong></span> <span class='ocrx_word' id='word_1_186' title='bbox 1061 2249 1242 2334; x_wconf 81' lang='lat' dir='ltr'><strong>rideantur,</strong></span> <span class='ocrx_word' id='word_1_187' title='bbox 1293 2241 1294 2277; x_wconf 61' lang='lat'>¹</span> 
     </span>
     <span class='ocr_line' id='line_1_25' title="bbox 234 2336 1242 2422; baseline 0.004 -22"><span class='ocrx_word' id='word_1_188' title='bbox 234 2337 270 2400; x_wconf 89' lang='lat' dir='ltr'><strong>in</strong></span> <span class='ocrx_word' id='word_1_189' title='bbox 297 2358 360 2420; x_wconf 91' lang='lat' dir='ltr'><strong>quo</strong></span> <span class='ocrx_word' id='word_1_190' title='bbox 390 2336 423 2400; x_wconf 91' lang='lat' dir='ltr'><strong>di</strong></span> <span class='ocrx_word' id='word_1_191' title='bbox 444 2337 646 2402; x_wconf 88' lang='lat' dir='ltr'><strong>immortales</strong></span> <span class='ocrx_word' id='word_1_192' title='bbox 669 2337 798 2422; x_wconf 85' lang='lat' dir='ltr'><strong>violati,</strong></span> <span class='ocrx_word' id='word_1_193' title='bbox 826 2337 1025 2404; x_wconf 86' lang='lat' dir='ltr'><strong>existimatio</strong></span> <span class='ocrx_word' id='word_1_194' title='bbox 1048 2342 1147 2422; x_wconf 87' lang='lat' dir='ltr'><strong>atque</strong></span> <span class='ocrx_word' id='word_1_195' title='bbox 1170 2360 1242 2404; x_wconf 82' lang='lat' dir='ltr'><strong>auc</strong></span> 
     </span>
     <span class='ocr_line' id='line_1_26' title="bbox 235 2424 1272 2512; baseline 0.003 -24"><span class='ocrx_word' id='word_1_196' title='bbox 235 2424 353 2489; x_wconf 90' lang='lat' dir='ltr'><strong>toritas</strong></span> <span class='ocrx_word' id='word_1_197' title='bbox 384 2425 525 2490; x_wconf 79' lang='lat' dir='ltr'><strong>nominis</strong></span> <span class='ocrx_word' id='word_1_198' title='bbox 549 2425 664 2510; x_wconf 92' lang='lat' dir='ltr'><strong>populi</strong></span> <span class='ocrx_word' id='word_1_199' title='bbox 690 2425 830 2491; x_wconf 89' lang='lat' dir='ltr'><strong>Romani</strong></span> <span class='ocrx_word' id='word_1_200' title='bbox 855 2425 1029 2510; x_wconf 88' lang='lat' dir='ltr'><strong>inminuta,</strong></span> <span class='ocrx_word' id='word_1_201' title='bbox 1061 2426 1272 2512; x_wconf 77' lang='lat' dir='ltr'><strong>hospiciuma</strong></span> 
     </span>
     <span class='ocr_line' id='line_1_27' title="bbox 236 2512 1241 2597; baseline 0.002 -21"><span class='ocrx_word' id='word_1_202' title='bbox 236 2512 413 2597; x_wconf 77' lang='lat' dir='ltr'><strong>spoliatum</strong></span> <span class='ocrx_word' id='word_1_203' title='bbox 428 2535 465 2578; x_wconf 95' lang='lat' dir='ltr'><strong>ac</strong></span> <span class='ocrx_word' id='word_1_204' title='bbox 479 2513 652 2597; x_wconf 89' lang='lat' dir='ltr'><strong>proditum,</strong></span> <span class='ocrx_word' id='word_1_205' title='bbox 670 2513 848 2579; x_wconf 88' lang='lat' dir='ltr'><strong>abalienati</strong></span> <span class='ocrx_word' id='word_1_206' title='bbox 861 2515 981 2580; x_wconf 88' lang='lat' dir='ltr'><strong>scelere</strong></span> <span class='ocrx_word' id='word_1_207' title='bbox 994 2513 1089 2579; x_wconf 91' lang='lat' dir='ltr'><strong>istius</strong></span> <span class='ocrx_word' id='word_1_208' title='bbox 1109 2537 1129 2580; x_wconf 93' lang='lat' dir='ltr'><strong>a</strong></span> <span class='ocrx_word' id='word_1_209' title='bbox 1146 2515 1241 2580; x_wconf 90' lang='lat' dir='ltr'><strong>nobis</strong></span> 
     </span>
     <span class='ocr_line' id='line_1_28' title="bbox 235 2601 1241 2688; baseline 0.004 -23"><span class='ocrx_word' id='word_1_210' title='bbox 235 2621 347 2665; x_wconf 89' lang='lat' dir='ltr'><strong>omnes</strong></span> <span class='ocrx_word' id='word_1_211' title='bbox 374 2621 468 2687; x_wconf 88' lang='lat' dir='ltr'><strong>reges</strong></span> <span class='ocrx_word' id='word_1_212' title='bbox 497 2601 685 2668; x_wconf 88' lang='lat' dir='ltr'><strong>amicissimi</strong></span> <span class='ocrx_word' id='word_1_213' title='bbox 711 2601 939 2688; x_wconf 90' lang='lat' dir='ltr'><strong>nationesque,</strong></span> <span class='ocrx_word' id='word_1_214' title='bbox 967 2624 1049 2687; x_wconf 90' lang='lat' dir='ltr'><strong>quae</strong></span> <span class='ocrx_word' id='word_1_215' title='bbox 1071 2602 1241 2669; x_wconf 84' lang='lat' dir='ltr'><strong>incorum</strong></span> 
     </span>
     <span class='ocr_line' id='line_1_29' title="bbox 183 2688 1241 2777; baseline 0.002 -25"><span class='ocrx_word' id='word_1_216' title='bbox 183 2702 216 2752; x_wconf 77' lang='lat'><strong>61</strong></span> <span class='ocrx_word' id='word_1_217' title='bbox 235 2709 337 2775; x_wconf 87' lang='lat' dir='ltr'><strong>regno</strong></span> <span class='ocrx_word' id='word_1_218' title='bbox 374 2711 411 2754; x_wconf 90' lang='lat' dir='ltr'><strong>ac</strong></span> <span class='ocrx_word' id='word_1_219' title='bbox 448 2688 573 2755; x_wconf 88' lang='lat' dir='ltr'><strong>dicione</strong></span> <span class='ocrx_word' id='word_1_220' title='bbox 609 2693 694 2754; x_wconf 80' lang='lat' dir='ltr'><strong>runt.</strong></span> <span class='ocrx_word' id='word_1_221' title='bbox 741 2689 829 2755; x_wconf 90' lang='lat' dir='ltr'><strong>Nam</strong></span> <span class='ocrx_word' id='word_1_222' title='bbox 864 2702 958 2777; x_wconf 86' lang='lat' dir='ltr'><strong>reges</strong></span> <span class='ocrx_word' id='word_1_223' title='bbox 992 2689 1117 2774; x_wconf 88' lang='lat' dir='ltr'><strong>Syriae,</strong></span> <span class='ocrx_word' id='word_1_224' title='bbox 1153 2691 1241 2777; x_wconf 87' lang='lat' dir='ltr'><strong>regis</strong></span> 
     </span>
     <span class='ocr_line' id='line_1_30' title="bbox 234 2776 1241 2864; baseline 0.001 -22"><span class='ocrx_word' id='word_1_225' title='bbox 234 2776 391 2842; x_wconf 86' lang='lat' dir='ltr'><strong>Antiochi</strong></span> <span class='ocrx_word' id='word_1_226' title='bbox 408 2776 494 2841; x_wconf 86' lang='lat' dir='ltr'><strong>filios</strong></span> <span class='ocrx_word' id='word_1_227' title='bbox 516 2799 644 2862; x_wconf 80' lang='lat' dir='ltr'><strong>pueros,</strong></span> <span class='ocrx_word' id='word_1_228' title='bbox 667 2777 758 2843; x_wconf 90' lang='lat' dir='ltr'><strong>scitis</strong></span> <span class='ocrx_word' id='word_1_229' title='bbox 776 2777 900 2844; x_wconf 73' lang='lat' dir='ltr'><strong>Romam</strong></span> <span class='ocrx_word' id='word_1_230' title='bbox 921 2800 1025 2864; x_wconf 87' lang='lat' dir='ltr'><strong>nuper</strong></span> <span class='ocrx_word' id='word_1_231' title='bbox 1047 2778 1163 2863; x_wconf 87' lang='lat' dir='ltr'><strong>fuisse;</strong></span> <span class='ocrx_word' id='word_1_232' title='bbox 1188 2778 1241 2862; x_wconf 93' lang='lat' dir='ltr'><strong>qui</strong></span> 
     </span>
     <span class='ocr_line' id='line_1_31' title="bbox 235 2863 1270 2953; baseline 0.002 -24"><span class='ocrx_word' id='word_1_233' title='bbox 235 2868 391 2930; x_wconf 86' lang='lat' dir='ltr'><strong>venerant</strong></span> <span class='ocrx_word' id='word_1_234' title='bbox 421 2886 487 2930; x_wconf 93' lang='lat' dir='ltr'><strong>non</strong></span> <span class='ocrx_word' id='word_1_235' title='bbox 518 2869 653 2950; x_wconf 89' lang='lat' dir='ltr'><strong>propter</strong></span> <span class='ocrx_word' id='word_1_236' title='bbox 679 2863 793 2951; x_wconf 90' lang='lat' dir='ltr'><strong>Syriae</strong></span> <span class='ocrx_word' id='word_1_237' title='bbox 823 2887 961 2953; x_wconf 90' lang='lat' dir='ltr'><strong>regnum</strong></span> <span class='ocrx_word' id='word_1_238' title='bbox 985 2865 1074 2952; x_wconf 90' lang='lat' dir='ltr'><strong>(nam</strong></span> <span class='ocrx_word' id='word_1_239' title='bbox 1106 2866 1141 2931; x_wconf 91' lang='lat' dir='ltr'><strong>id</strong></span> <span class='ocrx_word' id='word_1_240' title='bbox 1173 2867 1270 2931; x_wconf 76' lang='lat' dir='ltr'><strong>sines</strong></span> 
     </span>
     <span class='ocr_line' id='line_1_32' title="bbox 235 2952 1292 3040; baseline 0.001 -22"><span class='ocrx_word' id='word_1_241' title='bbox 235 2952 457 3018; x_wconf 81' lang='lat' dir='ltr'><strong>controversia</strong></span> <span class='ocrx_word' id='word_1_242' title='bbox 484 2952 691 3040; x_wconf 86' lang='lat' dir='ltr'><strong>obtinebant,</strong></span> <span class='ocrx_word' id='word_1_243' title='bbox 722 2958 760 3019; x_wconf 90' lang='lat' dir='ltr'><strong>ut</strong></span> <span class='ocrx_word' id='word_1_244' title='bbox 789 2976 809 3019; x_wconf 87' lang='lat' dir='ltr'><strong>a</strong></span> <span class='ocrx_word' id='word_1_245' title='bbox 835 2958 929 3040; x_wconf 87' lang='lat' dir='ltr'><strong>patre</strong></span> <span class='ocrx_word' id='word_1_246' title='bbox 957 2958 991 3021; x_wconf 89' lang='lat' dir='ltr'><strong>et</strong></span> <span class='ocrx_word' id='word_1_247' title='bbox 1017 2977 1037 3020; x_wconf 94' lang='lat' dir='ltr'><strong>a</strong></span> <span class='ocrx_word' id='word_1_248' title='bbox 1064 2954 1240 3020; x_wconf 90' lang='lat' dir='ltr'><strong>maioribus</strong></span> <span class='ocrx_word' id='word_1_249' title='bbox 1291 2973 1292 3010; x_wconf 63' lang='lat' dir='ltr'><strong>i</strong></span> 
     </span>
     <span class='ocr_line' id='line_1_33' title="bbox 235 3038 1239 3128; baseline 0 -21"><span class='ocrx_word' id='word_1_250' title='bbox 235 3038 455 3127; x_wconf 82' lang='lat' dir='ltr'><strong>acceperant);</strong></span> <span class='ocrx_word' id='word_1_251' title='bbox 473 3041 529 3106; x_wconf 91' lang='lat' dir='ltr'><strong>sed</strong></span> <span class='ocrx_word' id='word_1_252' title='bbox 550 3062 686 3128; x_wconf 90' lang='lat' dir='ltr'><strong>regnum</strong></span> <span class='ocrx_word' id='word_1_253' title='bbox 696 3041 841 3127; x_wconf 84' lang='lat' dir='ltr'><strong>Aegypti</strong></span> <span class='ocrx_word' id='word_1_254' title='bbox 864 3043 905 3108; x_wconf 88' lang='lat' dir='ltr'><strong>ad</strong></span> <span class='ocrx_word' id='word_1_255' title='bbox 929 3063 962 3108; x_wconf 87' lang='lat' dir='ltr'><strong>se</strong></span> <span class='ocrx_word' id='word_1_256' title='bbox 986 3045 1019 3109; x_wconf 89' lang='lat' dir='ltr'><strong>et</strong></span> <span class='ocrx_word' id='word_1_257' title='bbox 1042 3043 1084 3108; x_wconf 91' lang='lat' dir='ltr'><strong>ad</strong></span> <span class='ocrx_word' id='word_1_258' title='bbox 1097 3040 1239 3124; x_wconf 87' lang='lat' dir='ltr'><strong>Selenen,</strong></span> 
     </span>
     <span class='ocr_line' id='line_1_34' title="bbox 235 3129 1239 3216; baseline 0.004 -23"><span class='ocrx_word' id='word_1_259' title='bbox 235 3132 375 3194; x_wconf 89' lang='lat' dir='ltr'><strong>matrem</strong></span> <span class='ocrx_word' id='word_1_260' title='bbox 394 3150 495 3212; x_wconf 90' lang='lat' dir='ltr'><strong>suam,</strong></span> <span class='ocrx_word' id='word_1_261' title='bbox 514 3129 677 3213; x_wconf 85' lang='lat' dir='ltr'><strong>pertinere</strong></span> <span class='ocrx_word' id='word_1_262' title='bbox 696 3130 949 3195; x_wconf 87' lang='lat' dir='ltr'><strong>arbitrabantur.</strong></span> <span class='ocrx_word' id='word_1_263' title='bbox 981 3131 1011 3195; x_wconf 92' lang='lat' dir='ltr'><strong>li</strong></span> <span class='ocrx_word' id='word_1_264' title='bbox 1028 3134 1239 3216; x_wconf 87' lang='lat' dir='ltr'><strong>posteaquam</strong></span> 
     </span>
     <span class='ocr_line' id='line_1_35' title="bbox 235 3217 1239 3305; baseline 0.004 -27"><span class='ocrx_word' id='word_1_265' title='bbox 235 3217 437 3301; x_wconf 87' lang='lat' dir='ltr'><strong>temporibus</strong></span> <span class='ocrx_word' id='word_1_266' title='bbox 469 3217 517 3281; x_wconf 89' lang='lat' dir='ltr'><strong>rei</strong></span> <span class='ocrx_word' id='word_1_267' title='bbox 547 3217 696 3301; x_wconf 91' lang='lat' dir='ltr'><strong>publicae</strong></span> <span class='ocrx_word' id='word_1_268' title='bbox 724 3218 846 3283; x_wconf 85' lang='lat' dir='ltr'><strong>exclusi</strong></span> <span class='ocrx_word' id='word_1_269' title='bbox 872 3239 931 3303; x_wconf 92' lang='lat' dir='ltr'><strong>per</strong></span> <span class='ocrx_word' id='word_1_270' title='bbox 958 3223 1109 3284; x_wconf 89' lang='lat' dir='ltr'><strong>senatum</strong></span> <span class='ocrx_word' id='word_1_271' title='bbox 1137 3240 1239 3305; x_wconf 85' lang='lat' dir='ltr'><strong>agere,</strong></span> 
     </span>
     <span class='ocr_line' id='line_1_36' title="bbox 237 3303 1291 3394; baseline 0.009 -28"><span class='ocrx_word' id='word_1_272' title='bbox 237 3325 319 3386; x_wconf 89' lang='lat' dir='ltr'><strong>quae</strong></span> <span class='ocrx_word' id='word_1_273' title='bbox 341 3304 521 3387; x_wconf 84' lang='lat' dir='ltr'><strong>voluerant,</strong></span> <span class='ocrx_word' id='word_1_274' title='bbox 543 3326 610 3370; x_wconf 93' lang='lat' dir='ltr'><strong>non</strong></span> <span class='ocrx_word' id='word_1_275' title='bbox 631 3309 816 3389; x_wconf 89' lang='lat' dir='ltr'><strong>potuerunt,</strong></span> <span class='ocrx_word' id='word_1_276' title='bbox 838 3305 874 3369; x_wconf 93' lang='lat' dir='ltr'><strong>in</strong></span> <span class='ocrx_word' id='word_1_277' title='bbox 896 3303 1025 3390; x_wconf 86' lang='lat' dir='ltr'><strong>Syriam</strong></span> <span class='ocrx_word' id='word_1_278' title='bbox 1047 3307 1083 3372; x_wconf 91' lang='lat' dir='ltr'><strong>in</strong></span> <span class='ocrx_word' id='word_1_279' title='bbox 1105 3327 1238 3394; x_wconf 89' lang='lat' dir='ltr'><strong>regnum</strong></span> <span class='ocrx_word' id='word_1_280' title='bbox 1251 3319 1291 3377; x_wconf 76' lang='lat' dir='ltr'><strong>³⁵l</strong></span> 
     </span>
     <span class='ocr_line' id='line_1_37' title="bbox 236 3390 1239 3480; baseline 0.003 -27"><span class='ocrx_word' id='word_1_281' title='bbox 236 3392 379 3474; x_wconf 89' lang='lat' dir='ltr'><strong>patrium</strong></span> <span class='ocrx_word' id='word_1_282' title='bbox 406 3390 543 3475; x_wconf 87' lang='lat' dir='ltr'><strong>profecti</strong></span> <span class='ocrx_word' id='word_1_283' title='bbox 571 3396 655 3457; x_wconf 88' lang='lat' dir='ltr'><strong>sunt.</strong></span> <span class='ocrx_word' id='word_1_284' title='bbox 699 3393 823 3458; x_wconf 82' lang='lat' dir='ltr'><strong>Eorum</strong></span> <span class='ocrx_word' id='word_1_285' title='bbox 851 3394 949 3480; x_wconf 89' lang='lat' dir='ltr'><strong>alter,</strong></span> <span class='ocrx_word' id='word_1_286' title='bbox 978 3395 1032 3480; x_wconf 91' lang='lat' dir='ltr'><strong>qui</strong></span> <span class='ocrx_word' id='word_1_287' title='bbox 1060 3395 1239 3461; x_wconf 83' lang='lat' dir='ltr'><strong>Antiochus</strong></span> 
     </span>
     <span class='ocr_line' id='line_1_38' title="bbox 236 3477 1239 3569; baseline 0.004 -29"><span class='ocrx_word' id='word_1_288' title='bbox 236 3480 384 3561; x_wconf 84' lang='lat' dir='ltr'><strong>vocatur,</strong></span> <span class='ocrx_word' id='word_1_289' title='bbox 414 3478 477 3541; x_wconf 89' lang='lat' dir='ltr'><strong>iter</strong></span> <span class='ocrx_word' id='word_1_290' title='bbox 508 3500 566 3563; x_wconf 88' lang='lat' dir='ltr'><strong>per</strong></span> <span class='ocrx_word' id='word_1_291' title='bbox 594 3477 738 3545; x_wconf 88' lang='lat' dir='ltr'><strong>Siciliam</strong></span> <span class='ocrx_word' id='word_1_292' title='bbox 768 3481 874 3547; x_wconf 88' lang='lat' dir='ltr'><strong>facere</strong></span> <span class='ocrx_word' id='word_1_293' title='bbox 906 3484 1012 3549; x_wconf 87' lang='lat' dir='ltr'><strong>voluit</strong></span> <span class='ocrx_word' id='word_1_294' title='bbox 1040 3483 1151 3569; x_wconf 86' lang='lat' dir='ltr'><strong>itaque</strong></span> <span class='ocrx_word' id='word_1_295' title='bbox 1177 3483 1239 3547; x_wconf 87' lang='lat' dir='ltr'><strong>isto</strong></span> 
     </span>
    </p>
   </div>
   <div class='ocr_carea' id='block_1_3' title="bbox 0 0 1329 3884">
    <p class='ocr_par' dir='ltr' id='par_1_3' title="bbox 0 0 1329 3884">
     <span class='ocr_line' id='line_1_39' title="bbox 0 0 1329 3884; baseline 0 0"><span class='ocrx_word' id='word_1_296' title='bbox 0 0 1329 3884; x_wconf 95' lang='lat' dir='ltr'><strong> </strong></span> 
     </span>
    </p>
   </div>
  </div>
 </body>
</html>
