2564 3876
173 181 216 246 36
340 178 412 233 PRO
431 175 509 232 SEX.
528 175 659 232 ROSCIO
678 175 848 230 AMERINO
867 175 1012 230 ORATIO.

172 327 206 390 in
228 326 291 390 hoc
314 323 483 389 consilium
506 322 622 387 delecti
645 322 723 385 estis
746 324 881 405 propter
900 321 1116 402 severitatem,
1140 321 1183 385 ab

172 413 224 478 his
253 413 314 478 hoc
336 413 503 497 postulare
526 411 673 474 homines
698 409 830 474 sicarios
854 412 952 493 atque
976 409 1185 494 gladiatores,

172 524 238 566 non
262 501 357 565 modo
381 504 418 564 ut
441 500 599 583 supplicia
624 499 742 581 vitent,
770 519 851 580 quae
875 520 895 561 a
917 497 1011 561 vobis
1034 519 1093 581 pro
1118 519 1186 561 ma·

171 590 286 655 leficiis
306 589 372 653 suis
392 594 533 653 metuere
553 592 650 671 atque
665 587 796 650 horrere
811 586 938 666 debent,
956 585 1186 650 verumetiam

172 683 210 743 ut
234 678 346 763 spoliis
371 699 409 742 ex
432 677 494 741 hoc
516 677 633 740 iudicio
657 675 763 740 ornati
786 675 935 758 auctique
959 673 1147 738 discedant?
1201 703 1215 740 a

240 767 300 831 His
324 766 363 830 de
386 767 482 829 rebus
505 764 607 828 tantis
630 767 761 846 tamque
785 763 949 827 atrocibus
972 784 1077 846 neque
1099 763 1187 846 satis

173 878 226 921 me
258 855 424 920 commode
456 854 559 918 dicere
594 874 698 935 neque
735 851 815 915 satis
850 851 995 934 graviter
1031 851 1188 934 conqueri

172 966 277 1029 neque
310 944 390 1008 satis
421 942 522 1006 libere
555 940 725 1005 vociferari
758 961 852 1024 posse
883 940 1048 1022 intellege.
1100 939 1188 1003 Nam

174 1032 398 1099 commoditati
421 1029 601 1114 ingenium,
629 1029 785 1113 gravitati
809 1031 913 1109 aetas,
937 1027 1083 1091 libertati
1107 1032 1188 1090 tem·

173 1144 255 1207 pora
278 1124 354 1184 sunt
376 1119 617 1203 impedimento.
662 1117 734 1180 Huc
758 1116 880 1181 accedit
903 1137 1049 1179 summus
1077 1115 1188 1196 timor,
1204 1144 1229 1181 ιο

175 1231 271 1294 quem
294 1209 374 1273 mihi
396 1212 515 1272 natura
538 1206 703 1290 pudorque
726 1226 817 1268 meus
841 1205 992 1268 attribuit
1015 1208 1049 1268 et
1077 1208 1190 1267 vestra

175 1298 318 1382 dignitas
347 1299 379 1360 et
406 1295 456 1360 111
480 1294 739 1359 adversariorum
763 1297 795 1356 et
818 1290 889 1356 Sex.
914 1292 1010 1357 Rosci
1033 1292 1189 1376 pericula.

175 1384 380 1468 Quapropter
402 1403 459 1447 vos
484 1404 541 1447 oro
565 1387 663 1465 atque
687 1382 829 1461 obsecro,
852 1380 982 1462 iudices,
1005 1384 1042 1444 ut
1061 1385 1190 1444 attente

124 1491 156 1542 10
174 1474 324 1556 bonaque
339 1494 411 1536 cum
426 1471 521 1535 venia
535 1471 635 1535 111111
648 1492 721 1533 mea
736 1469 884 1533 audiatis.
917 1468 993 1531 Fide
1013 1469 1190 1552 sapientia-

175 1584 237 1646 que
260 1564 369 1625 111111
391 1558 494 1623 fretus
517 1558 591 1643 plus
615 1558 722 1622 oneris
746 1557 876 1638 sustuli,
906 1579 1002 1640 quam
1026 1557 1111 1621 ferre
1136 1579 1229 1623 111111

174 1671 271 1735 posse
304 1648 471 1733 intellego.
517 1647 588 1712 Hoc
621 1669 700 1712 onus
736 1646 763 1710 si
792 1667 849 1709 vos
880 1646 990 1728 aliqua
1022 1666 1060 1708 ex
1093 1651 1190 1729 parte

176 1737 383 1819 adlevabitis,
405 1735 521 1820 feram,
544 1739 582 1799 ut
604 1740 731 1819 potero,
756 1734 862 1797 studio
887 1739 919 1797 et
942 1733 1116 1814 industria,
1143 1733 1191 1797 iu·

176 1828 276 1910 dices3
299 1825 349 1891 sin
373 1847 392 1889 a
414 1824 517 1906 vobis,
540 1823 573 1887 id
596 1823 682 1907 quod
705 1845 769 1886 non
789 1844 892 1905 spero,
916 1822 1054 1902 deserar,
1078 1826 1192 1886 tamen

176 1917 285 1980 animo
308 1936 374 1978 non
393 1912 539 1978 deficiam
558 1915 591 1975 et
609 1911 651 1993 id,
675 1910 760 1994 quod
780 1910 914 1993 suscepi,
939 1910 1043 1994 quoad
1063 1919 1191 1994 potero,

175 2005 346 2090 perferam.
392 2001 484 2077 Quod
508 2000 535 2064 si
559 1999 701 2086 perferre
723 2020 788 2062 non
812 2005 939 2082 potero,
968 1998 1110 2082 opprimi
1139 2021 1191 2062 me
1206 2029 1230 2066 1ο

177 2115 273 2156 onere
293 2090 391 2155 officii
414 2090 502 2153 malo
524 2112 620 2171 quern
640 2088 681 2168 id,
701 2087 786 2170 quod
806 2087 885 2150 mihi
908 2109 981 2151 cum
1005 2087 1067 2150 fide
1088 2088 1191 2151 semel

176 2179 366 2263 impositum
377 2181 435 2257 est,
450 2181 506 2242 aut
517 2182 649 2261 propter
659 2176 826 2260 perfidiam
842 2175 967 2240 abicere
982 2178 1039 2238 aut
1052 2179 1192 2260 propter

175 2267 402 2332 infirmitatem
425 2266 524 2330 animi
548 2265 715 2347 deponere.

125 2375 156 2424 11
243 2354 289 2419 Te
318 2377 444 2438 quoque
473 2375 591 2438 magno
620 2375 729 2437 opere,
755 2351 799 2416 M.
826 2349 943 2432 Fanni,
975 2372 1110 2434 quaeso,
1145 2356 1192 2434 ut,

177 2444 307 2528 qualem
330 2443 451 2507 teiam
476 2447 572 2506 antea
595 2441 716 2525 populo
734 2440 882 2504 Romano
903 2439 1092 2524 praebuisti,
1116 2463 1192 2505 cum
1207 2470 1231 2510 11

176 2531 252 2596 huic
280 2531 383 2595 eidem
411 2530 594 2613 quaestioni
621 2529 716 2593 iudex
743 2550 923 2612 praeesses,
956 2530 1057 2592 talem
1090 2531 1125 2592 te
1159 2534 1194 2593 et

137 2616 271 2685 bnobis
294 2623 327 2683 et
350 2619 397 2683 rei
420 2619 568 2702 publicae
591 2619 653 2683 hoc
675 2621 821 2701 tempore
845 2617 1022 2699 impertias.
1059 2614 1194 2690 Quanta

176 2707 352 2774 multitudo
372 2707 539 2770 hominum
558 2707 743 2770 convenerit
765 2705 804 2768 ad
824 2705 885 2770 hoc
904 2705 1066 2786 iudicium,
1086 2705 1193 2789 vides3

177 2820 260 2882 quae
271 2799 315 2860 sit
323 2796 466 2860 omnium
478 2795 665 2857 mortalium
680 2793 870 2876 expectatio,
881 2815 962 2876 quae
973 2792 1146 2877 cupiditas,
1158 2800 1194 2858 ut

177 2886 265 2952 acria
275 2907 312 2949 11
326 2905 437 2947 111111
451 2881 568 2945 iudicia
583 2883 672 2958 fiant,
686 2881 860 2965 intellegis.
885 2881 998 2966 Longo
1012 2882 1193 2947 intervallo
1208 2909 1232 2948 11

176 2972 438 3038 iudiciumintcr
460 2969 593 3033 11111111
613 2970 675 3033 hoc
698 2969 836 3053 primum
861 2970 1093 3054 committitur,
1117 2993 1193 3036 cum

176 3060 302 3125 interea
323 3059 436 3125 caedes
460 3058 705 3141 indignissimae
724 3058 946 3140 maximaeque
968 3057 1073 3122 iactae
1101 3065 1194 3143 suut3

177 3171 289 3213 omnes
305 3148 389 3212 hanc
406 3147 628 3231 quaestionem
645 3151 678 3210 te
697 3151 846 3230 praetore
867 3145 1047 3210 manifestis
1069 3149 1194 3211 maleli-

178 3237 235 3301 ciis
250 3237 477 3320 cotidianoque
496 3235 654 3320 sanguine
667 3234 691 3318 †
705 3235 868 3298 dimissius
888 3240 1021 3318 sperant
1035 3234 1193 3300 futuram.

126 3342 159 3390 11
245 3323 316 3399 Qua
347 3324 577 3388 vociferatione
609 3324 643 3388 in
675 3323 790 3388 ceteris
823 3323 948 3386 iudiciis
984 3328 1193 3389 accusatores
1208 3349 1232 3388 11

178 3409 227 3472 uti
258 3417 507 3495 consueverunt,
539 3433 577 3474 11
608 3433 667 3475 nos
699 3412 761 3474 hoc
791 3416 937 3494 tempore
965 3412 1102 3495 utimur,
1136 3412 1194 3496 qui

178 3517 310 3559 causam
333 3497 476 3563 dicimus.
522 3499 666 3563 Petimus
690 3499 814 3578 abste,
838 3499 879 3561 M.
904 3497 1016 3572 Fanni.
1040 3500 1195 3564 1111111-

132 729 155 856 t
