2576 3882
179 187 244 254 292
484 185 522 240 IN
542 186 570 240 Ο.
584 185 738 240 VERREM
755 184 833 241 AGT.
853 187 886 240 II.

178 333 321 415 cubaret,
339 330 373 394 in
387 330 570 396 cubiculum
583 331 788 395 introductus
804 335 862 412 est,
881 329 1044 414 quodnisi
1060 330 1189 395 mulieri

179 424 212 485 et
235 420 411 485 decumano
434 419 570 503 patebat
593 418 650 484 alii
671 418 802 484 nemini.
842 417 895 482 Ibi
917 440 990 483 cum
1012 419 1133 504 pugnis
1156 421 1190 484 et

179 508 322 574 celeibus
354 508 499 573 concisus
531 510 646 588 esset,·
662 506 718 590 qui
746 522 814 571 nec
845 506 1015 570 medimnis
1044 506 1189 571 decidere

178 596 348 680 noluisset,
369 596 460 660 mille
478 594 638 680 promisit.
673 593 855 660 Eubulidas
875 599 925 659 est
943 595 1090 680 Grospus
1109 594 1189 660 Oen·

178 685 351 769 turipinus,
376 684 473 750 homo
497 705 570 748 cum
593 683 715 747 virtute
738 687 771 748 et
793 683 967 748 nobilitate
991 682 1080 748 domi
1102 704 1213 767 suae,s

179 777 249 837 tum
281 773 380 838 etiam
409 771 546 858 pecunia
572 771 730 855 princeps.
776 770 860 836 Huic
888 771 1026 855 homini,
1057 771 1189 855 iudices,

178 861 427 926 honestissimae
459 860 602 926 civitatis
634 859 865 924 honeratisimo
898 880 965 924 non
995 860 1092 925 modo
1123 860 1189 925 fru-

179 950 280 1014 meuti
307 950 438 1031 scitote,
466 948 522 1014 sed
548 949 674 1028 [etiam]
698 947 786 1012 vitae
809 951 843 1012 et
866 947 1035 1034 sanguinis
1058 952 1190 1013 tautum

178 1038 328 1103 relictum
354 1059 437 1121 esse,
466 1040 622 1121 quantum
645 1036 772 1119 Aproni
794 1036 905 1100 lubido
929 1036 1020 1121 tulit,
1048 1058 1125 1100 nam
1148 1038 1191 1119 vi,

179 1127 279 1208 malo,
311 1125 420 1210 plagis
452 1124 609 1189 adductus
642 1127 704 1206 est,
735 1128 773 1188 ut
802 1123 958 1188 frumenti
986 1125 1091 1207 daret,
1123 1145 1228 1190 nonu

126 1225 159 1274 tt
180 1217 338 1298 quantum
366 1213 510 1294 deberet,
538 1212 594 1276 sed
619 1214 778 1295 quantum
800 1216 979 1298 cogeretur.
1020 1210 1191 1278 Sostratus

180 1305 213 1366 et
235 1301 415 1366 Numenius
444 1305 477 1365 et
499 1299 753 1386 Nymphodorus
781 1300 923 1365 eiusdem
949 1301 1092 1366 civitatis
1116 1323 1191 1366 cum

180 1411 219 1454 ex
242 1389 331 1474 agris
353 1394 422 1454 tres
444 1389 564 1454 fratres
587 1391 754 1454 consortes
776 1388 1013 1474 profugissent,
1038 1389 1126 1474 quod
1149 1391 1190 1454 iis

179 1478 253 1561 plus
272 1477 427 1544 frumenti
449 1477 681 1562 imperabatur,
705 1497 802 1560 quam
826 1481 984 1561 quantum
1006 1482 1190 1562 exererent,

179 1565 366 1631 hominibus
385 1565 506 1632 coactis
528 1566 563 1630 in
585 1587 697 1630 eorum
720 1565 883 1630 arationes
902 1565 1067 1650 Apronius
1090 1567 1190 1650 venit,
1204 1585 1225 1625 1⁵

180 1675 275 1719 omne
297 1655 551 1720 instrumentum
573 1653 717 1737 diripuit,
742 1653 901 1718 familiam
924 1655 1069 1738 abduxit,
1091 1678 1190 1740 pecus

179 1743 300 1828 abegit.
349 1742 468 1808 Postea
497 1763 569 1807 cum
600 1741 640 1806 ad
668 1763 741 1806 eum
767 1741 1019 1826 Nymphodorus
1045 1744 1191 1808 venisset

179 1830 321 1896 Aetnam
340 1835 373 1895 et
391 1834 508 1914 oraret,
528 1834 566 1894 ut
585 1829 649 1893 sibi
666 1850 725 1894 sua
743 1831 1001 1914 restituerentur,
1023 1830 1191 1896 hominem
1268 1837 1269 1909 l

180 1919 299 2003 corripi
327 1941 365 1984 ac
392 1918 545 2003 suspendi
571 1917 667 1982 iussit
694 1918 728 1980 in
756 1919 897 1984 oleastro
925 1919 1079 2003 quodam,
1107 1943 1191 2006 quae

180 2011 230 2071 est
249 2008 355 2090 arbor,
377 2007 508 2088 iudices,
531 2005 657 2071 Aetnae
675 2005 709 2069 in
731 2005 813 2072 foro.
854 2006 934 2072 Tam
958 2008 1012 2072 diu
1034 2010 1191 2092 pependit
1203 2027 1224 2066 2⁰
1267 2049 1268 2125 ,

179 2094 215 2158 in
229 2095 344 2158 arbore
359 2095 464 2160 socius
484 2094 669 2177 amicusque
687 2095 801 2178 populi
814 2094 955 2160 Romani
973 2096 1009 2160 in
1027 2097 1191 2163 sociorum

179 2183 260 2246 urbe
279 2203 316 2246 ac
338 2181 420 2265 foro,
443 2183 577 2248 colonus
600 2185 773 2266 aratorque
796 2187 913 2264 vester,
937 2205 1035 2268 quam
1058 2185 1115 2250 diu
1138 2209 1191 2251 vo
1266 2201 1267 2232 ³

180 2270 291 2334 luntas
309 2270 436 2353 Aproni
459 2271 546 2336 tulit.

129 2368 162 2419 58
248 2356 374 2422 Genera
409 2359 476 2424 iam
512 2359 632 2424 dudum
668 2359 954 2424 innumerabilium
987 2359 1190 2446 iniuriarum,
1265 2421 1266 2430 ,

180 2445 310 2530 iudices,
334 2446 472 2532 singulis
489 2447 675 2512 nominibus
697 2447 836 2531 profero,
858 2448 1020 2513 infinitam
1042 2451 1190 2516 multitu·
1203 2467 1223 2507 ²⁵

180 2533 288 2598 dinem
306 2535 498 2600 iniuriarum
520 2535 755 2620 praetermitto.
795 2534 865 2601 Vos
888 2541 963 2601 ente
987 2538 1099 2602 oculos
1124 2540 1190 2603 ani-

180 2645 315 2707 mosque
329 2628 456 2688 vestros
474 2627 547 2689 tota
561 2621 672 2689 Sicilia
690 2623 939 2688 decumanorum
958 2624 1019 2690 hos
1037 2625 1191 2710 impetus,

181 2716 348 2776 aratorum
380 2712 589 2795 direptiones,
622 2711 718 2776 huius
745 2712 1029 2798 inportunitatem,
1063 2713 1191 2798 Aproni

180 2821 317 2885 regnum
335 2800 515 2885 proponite.
548 2798 751 2884 Contempsit
770 2797 904 2884 Siculos,
926 2823 994 2866 non
1016 2802 1109 2866 duxit
1133 2804 1191 2868 ho-

128 2888 284 3009 24mines
303 2909 362 2954 neo
383 2889 472 2990 ipsos
488 2888 537 2989 'ad
559 2889 817 2990 persequendum
840 2889 1040 2992 veliementis
1063 2889 1136 2955 fore
1159 2897 1191 2956 et
1204 2910 1224 2949 u

128 3023 162 3071 ⁵⁹
180 2998 376 3130 ttt‘tl
397 2977 1056 3150 ttnltbtltsstttt,stifft
1084 2979 1192 3151 tlt}

180 3174 293 3216 verum
323 3156 447 3236 tamen,
477 3175 549 3218 oum
579 3153 617 3216 de
641 3151 757 3217 Siculis
785 3155 870 3219 male
893 3159 1085 3239 mereretur,
1113 3158 1192 3222 civis

180 3239 346 3304 Romanos
370 3240 483 3325 coluit,
506 3241 547 3304 iis
569 3240 719 3323 indulsit,
743 3263 854 3306 eorum
877 3244 1041 3308 voluntati
1064 3249 1098 3308 et
1122 3267 1193 3332 gra-

181 3325 247 3388 tiae
269 3327 395 3390 deditus
417 3327 489 3392 fuit.
525 3327 592 3391 Iste
616 3328 694 3392 civis
713 3328 902 3395 Romanos?
939 3332 986 3397 At
1007 3333 1108 3397 nullis
1132 3335 1224 3398 ini-³⁵

182 3410 296 3474 micior
310 3417 366 3476 aut
380 3414 529 3478 infestior
547 3415 619 3479 fuit.
655 3414 752 3480 Mitto
772 3417 879 3484 vincla
907 3421 1003 3486 mitto
1023 3443 1184 3487 carcerem

182 3495 279 3560 mitto
306 3499 454 3582 verbera,
486 3502 582 3565 mitto
611 3523 751 3588 secures,
780 3471 907 3572 crucein
936 3509 1072 3594 denique
1100 3474 1193 3576 illsui
