<?xml version="1.0" encoding="UTF-8"?>
<!DOCTYPE html PUBLIC "-//W3C//DTD XHTML 1.0 Transitional//EN"
    "http://www.w3.org/TR/xhtml1/DTD/xhtml1-transitional.dtd">
<html xmlns="http://www.w3.org/1999/xhtml" xml:lang="en" lang="en">
 <head>
  <title>
</title>
<meta http-equiv="Content-Type" content="text/html;charset=utf-8" />
  <meta name='ocr-system' content='tesseract 3.04.00' />
  <meta name='ocr-capabilities' content='ocr_page ocr_carea ocr_par ocr_line ocrx_word'/>
</head>
<body>
  <div class='ocr_page' id='page_1' title='image "./scriptaquaemans01mullgoog_0271.png"; bbox 0 0 2604 3880; ppageno 0'>
   <div class='ocr_carea' id='block_1_1' title="bbox 162 208 871 276">
    <p class='ocr_par' dir='ltr' id='par_1_1' title="bbox 162 208 871 276">
     <span class='ocr_line' id='line_1_1' title="bbox 162 208 871 276; baseline -0.016 0"><span class='ocrx_word' id='word_1_1' title='bbox 162 211 225 276; x_wconf 80' lang='lat'>156</span> <span class='ocrx_word' id='word_1_2' title='bbox 459 209 499 263; x_wconf 86' lang='lat' dir='ltr'>IN</span> <span class='ocrx_word' id='word_1_3' title='bbox 518 208 547 265; x_wconf 85' lang='lat' dir='ltr'>C.</span> <span class='ocrx_word' id='word_1_4' title='bbox 566 209 722 264; x_wconf 84' lang='lat' dir='ltr'><strong>VERREM</strong></span> <span class='ocrx_word' id='word_1_5' title='bbox 739 208 819 266; x_wconf 81' lang='lat' dir='ltr'>AOT.</span> <span class='ocrx_word' id='word_1_6' title='bbox 837 209 871 265; x_wconf 91' lang='grc' dir='ltr'>Π.</span> 
     </span>
    </p>
   </div>
   <div class='ocr_carea' id='block_1_2' title="bbox 98 353 1211 3609">
    <p class='ocr_par' dir='ltr' id='par_1_2' title="bbox 159 353 1168 436">
     <span class='ocr_line' id='line_1_2' title="bbox 159 353 1168 436; baseline 0 -17"><span class='ocrx_word' id='word_1_7' title='bbox 159 353 382 420; x_wconf 88' lang='lat' dir='ltr'>testimonium</span> <span class='ocrx_word' id='word_1_8' title='bbox 410 353 499 418; x_wconf 83' lang='lat' dir='ltr'>dixit.</span> <span class='ocrx_word' id='word_1_9' title='bbox 544 353 607 418; x_wconf 89' lang='lat' dir='ltr'>Ille</span> <span class='ocrx_word' id='word_1_10' title='bbox 634 354 732 418; x_wconf 87' lang='lat' dir='ltr'>miser</span> <span class='ocrx_word' id='word_1_11' title='bbox 759 376 832 420; x_wconf 89' lang='lat' dir='ltr'>cum</span> <span class='ocrx_word' id='word_1_12' title='bbox 860 358 946 420; x_wconf 87' lang='lat' dir='ltr'>esset</span> <span class='ocrx_word' id='word_1_13' title='bbox 976 354 1045 436; x_wconf 77' lang='lat' dir='ltr'>[On</span> <span class='ocrx_word' id='word_1_14' title='bbox 1068 354 1168 420; x_wconf 86' lang='lat' dir='ltr'>Dola-</span> 
     </span>
    </p>

    <p class='ocr_par' dir='ltr' id='par_1_3' title="bbox 158 442 1169 528">
     <span class='ocr_line' id='line_1_3' title="bbox 158 442 1169 528; baseline 0.003 -22"><span class='ocrx_word' id='word_1_15' title='bbox 158 443 258 524; x_wconf 85' lang='lat' dir='ltr'>bella]</span> <span class='ocrx_word' id='word_1_16' title='bbox 286 463 359 507; x_wconf 90' lang='lat' dir='ltr'>cum</span> <span class='ocrx_word' id='word_1_17' title='bbox 381 442 564 526; x_wconf 71' lang='lat' dir='ltr'>proditione</span> <span class='ocrx_word' id='word_1_18' title='bbox 584 442 682 507; x_wconf 87' lang='lat' dir='ltr'>istius</span> <span class='ocrx_word' id='word_1_19' title='bbox 704 443 842 528; x_wconf 86' lang='lat' dir='ltr'>nefaria,</span> <span class='ocrx_word' id='word_1_20' title='bbox 864 446 935 508; x_wconf 88' lang='lat' dir='ltr'>tum</span> <span class='ocrx_word' id='word_1_21' title='bbox 957 443 1106 528; x_wconf 91' lang='lat' dir='ltr'>improbo</span> <span class='ocrx_word' id='word_1_22' title='bbox 1130 465 1169 509; x_wconf 86' lang='lat' dir='ltr'>ac</span> 
     </span>
    </p>

    <p class='ocr_par' dir='ltr' id='par_1_4' title="bbox 158 530 1169 706">
     <span class='ocr_line' id='line_1_4' title="bbox 158 530 1168 617; baseline 0.002 -24"><span class='ocrx_word' id='word_1_23' title='bbox 158 530 243 596; x_wconf 83' lang='lat' dir='ltr'>falso</span> <span class='ocrx_word' id='word_1_24' title='bbox 262 530 406 594; x_wconf 88' lang='lat' dir='ltr'>eiusdem</span> <span class='ocrx_word' id='word_1_25' title='bbox 424 530 622 614; x_wconf 89' lang='lat' dir='ltr'>testimonio,</span> <span class='ocrx_word' id='word_1_26' title='bbox 644 535 716 596; x_wconf 84' lang='lat' dir='ltr'>tum</span> <span class='ocrx_word' id='word_1_27' title='bbox 733 532 838 596; x_wconf 89' lang='lat' dir='ltr'>multo</span> <span class='ocrx_word' id='word_1_28' title='bbox 857 553 897 596; x_wconf 88' lang='lat' dir='ltr'>cx</span> <span class='ocrx_word' id='word_1_29' title='bbox 914 532 1057 596; x_wconf 86' lang='lat' dir='ltr'>maxima</span> <span class='ocrx_word' id='word_1_30' title='bbox 1074 536 1168 617; x_wconf 88' lang='lat' dir='ltr'>parte</span> 
     </span>
     <span class='ocr_line' id='line_1_5' title="bbox 159 617 1169 706; baseline 0.002 -24"><span class='ocrx_word' id='word_1_31' title='bbox 159 618 254 683; x_wconf 90' lang='lat' dir='ltr'>istius</span> <span class='ocrx_word' id='word_1_32' title='bbox 285 617 448 683; x_wconf 86' lang='lat' dir='ltr'>furtorum</span> <span class='ocrx_word' id='word_1_33' title='bbox 480 639 518 684; x_wconf 88' lang='lat' dir='ltr'>ac</span> <span class='ocrx_word' id='word_1_34' title='bbox 553 617 752 704; x_wconf 87' lang='lat' dir='ltr'>flagitiorum</span> <span class='ocrx_word' id='word_1_35' title='bbox 787 618 912 684; x_wconf 88' lang='lat' dir='ltr'>invidia</span> <span class='ocrx_word' id='word_1_36' title='bbox 946 620 1169 706; x_wconf 78' lang='lat' dir='ltr'>conflagravit.</span> 
     </span>
    </p>

    <p class='ocr_par' dir='ltr' id='par_1_5' title="bbox 159 704 1198 793">
     <span class='ocr_line' id='line_1_6' title="bbox 159 704 1198 793; baseline 0.005 -23"><span class='ocrx_word' id='word_1_37' title='bbox 159 704 243 782; x_wconf 79' lang='lat' dir='ltr'>Quid</span> <span class='ocrx_word' id='word_1_38' title='bbox 264 705 327 772; x_wconf 91' lang='lat' dir='ltr'>hoc</span> <span class='ocrx_word' id='word_1_39' title='bbox 349 705 480 771; x_wconf 90' lang='lat' dir='ltr'>homine</span> <span class='ocrx_word' id='word_1_40' title='bbox 501 705 631 773; x_wconf 84' lang='lat' dir='ltr'>faciatis</span> <span class='ocrx_word' id='word_1_41' title='bbox 652 711 709 772; x_wconf 93' lang='lat' dir='ltr'>aut</span> <span class='ocrx_word' id='word_1_42' title='bbox 727 706 769 772; x_wconf 91' lang='lat' dir='ltr'>ad</span> <span class='ocrx_word' id='word_1_43' title='bbox 787 727 885 791; x_wconf 88' lang='lat' dir='ltr'>quam</span> <span class='ocrx_word' id='word_1_44' title='bbox 903 729 992 793; x_wconf 88' lang='lat' dir='ltr'>spem</span> <span class='ocrx_word' id='word_1_45' title='bbox 1010 711 1080 772; x_wconf 90' lang='lat' dir='ltr'>tam</span> <span class='ocrx_word' id='word_1_46' title='bbox 1097 729 1198 793; x_wconf 83' lang='lat' dir='ltr'>per-s</span> 
     </span>
    </p>

    <p class='ocr_par' dir='ltr' id='par_1_6' title="bbox 158 793 1167 880">
     <span class='ocr_line' id='line_1_7' title="bbox 158 793 1167 880; baseline 0.001 -22"><span class='ocrx_word' id='word_1_47' title='bbox 158 793 322 878; x_wconf 87' lang='lat' dir='ltr'>fidiosum,</span> <span class='ocrx_word' id='word_1_48' title='bbox 350 798 419 859; x_wconf 92' lang='lat' dir='ltr'>tam</span> <span class='ocrx_word' id='word_1_49' title='bbox 447 795 670 878; x_wconf 86' lang='lat' dir='ltr'>importunum</span> <span class='ocrx_word' id='word_1_50' title='bbox 693 795 815 859; x_wconf 89' lang='lat' dir='ltr'>animal</span> <span class='ocrx_word' id='word_1_51' title='bbox 837 795 1032 861; x_wconf 78' lang='lat' dir='ltr'>reservetis?</span> <span class='ocrx_word' id='word_1_52' title='bbox 1055 795 1111 880; x_wconf 89' lang='lat' dir='ltr'>qui</span> <span class='ocrx_word' id='word_1_53' title='bbox 1132 796 1167 859; x_wconf 91' lang='lat' dir='ltr'>in</span> 
     </span>
    </p>

    <p class='ocr_par' dir='ltr' id='par_1_7' title="bbox 159 880 1167 966">
     <span class='ocr_line' id='line_1_8' title="bbox 159 880 1167 966; baseline 0 -18"><span class='ocrx_word' id='word_1_54' title='bbox 159 880 217 948; x_wconf 79' lang='lat' dir='ltr'>On.</span> <span class='ocrx_word' id='word_1_55' title='bbox 250 880 397 949; x_wconf 80' lang='lat' dir='ltr'>Carbone</span> <span class='ocrx_word' id='word_1_56' title='bbox 435 886 570 966; x_wconf 88' lang='lat' dir='ltr'>sortem,</span> <span class='ocrx_word' id='word_1_57' title='bbox 605 883 640 947; x_wconf 88' lang='lat' dir='ltr'>in</span> <span class='ocrx_word' id='word_1_58' title='bbox 671 880 729 948; x_wconf 84' lang='lat' dir='ltr'>On.</span> <span class='ocrx_word' id='word_1_59' title='bbox 760 883 934 949; x_wconf 76' lang='lat' dir='ltr'>Dolabella</span> <span class='ocrx_word' id='word_1_60' title='bbox 963 884 1167 949; x_wconf 82' lang='lat' dir='ltr'>voluntatem</span> 
     </span>
    </p>

    <p class='ocr_par' dir='ltr' id='par_1_8' title="bbox 157 970 1169 1144">
     <span class='ocr_line' id='line_1_9' title="bbox 157 970 1169 1144; baseline 0 -20"><span class='ocrx_word' id='word_1_61' title='bbox 157 971 339 1124; x_wconf 56' lang='lat' dir='ltr'>&amp;Sitti</span> <span class='ocrx_word' id='word_1_62' title='bbox 352 970 667 1144; x_wconf 58' lang='lat' dir='ltr'>llllttltdls</span> <span class='ocrx_word' id='word_1_63' title='bbox 681 970 1169 1144; x_wconf 59' lang='lat' dir='ltr'>ztldsslttttltztl</span> 
     </span>
    </p>

    <p class='ocr_par' dir='ltr' id='par_1_9' title="bbox 158 1082 1211 1234">
     <span class='ocr_line' id='line_1_10' title="bbox 158 1082 1211 1234; baseline 0.007 -23"><span class='ocrx_word' id='word_1_64' title='bbox 158 1168 205 1230; x_wconf 90' lang='lat' dir='ltr'>so,</span> <span class='ocrx_word' id='word_1_65' title='bbox 222 1083 531 1231; x_wconf 68' lang='lat' dir='ltr'>iudicesbrevitate</span> <span class='ocrx_word' id='word_1_66' title='bbox 545 1082 810 1213; x_wconf 74' lang='lat' dir='ltr'>orationispmeae</span> <span class='ocrx_word' id='word_1_67' title='bbox 823 1148 933 1233; x_wconf 87' lang='lat' dir='ltr'>potius</span> <span class='ocrx_word' id='word_1_68' title='bbox 947 1110 1166 1234; x_wconf 57' lang='lat' dir='ltr'>quam’rerum</span> <span class='ocrx_word' id='word_1_69' title='bbox 1182 1178 1211 1219; x_wconf 85' lang='grc' dir='ltr'>ιο</span> 
     </span>
    </p>

    <p class='ocr_par' dir='ltr' id='par_1_10' title="bbox 157 1233 1168 1322">
     <span class='ocr_line' id='line_1_11' title="bbox 157 1233 1168 1322; baseline 0.002 -24"><span class='ocrx_word' id='word_1_70' title='bbox 157 1235 302 1319; x_wconf 83' lang='lat' dir='ltr'>ipsarum</span> <span class='ocrx_word' id='word_1_71' title='bbox 329 1233 553 1322; x_wconf 90' lang='lat' dir='ltr'>magnitudine</span> <span class='ocrx_word' id='word_1_72' title='bbox 580 1235 716 1300; x_wconf 86' lang='lat' dir='ltr'>crimina</span> <span class='ocrx_word' id='word_1_73' title='bbox 747 1236 938 1321; x_wconf 84' lang='lat' dir='ltr'>ponderare3</span> <span class='ocrx_word' id='word_1_74' title='bbox 970 1235 1052 1300; x_wconf 90' lang='lat' dir='ltr'>mihi</span> <span class='ocrx_word' id='word_1_75' title='bbox 1080 1236 1168 1300; x_wconf 89' lang='lat' dir='ltr'>enim</span> 
     </span>
    </p>

    <p class='ocr_par' dir='ltr' id='par_1_11' title="bbox 105 1322 1186 1496">
     <span class='ocr_line' id='line_1_12' title="bbox 105 1322 1166 1496; baseline 0.006 -26"><span class='ocrx_word' id='word_1_76' title='bbox 105 1423 139 1471; x_wconf 72' lang='lat' dir='ltr'>a</span> <span class='ocrx_word' id='word_1_77' title='bbox 157 1322 929 1496; x_wconf 50' lang='lat' dir='ltr'>lllllllllltdlilltmpillimulxtlllla</span> <span class='ocrx_word' id='word_1_78' title='bbox 945 1325 1166 1487; x_wconf 53' lang='lat' dir='ltr'>wibaldi</span> 
     </span>
    </p>

    <p class='ocr_par' dir='ltr' id='par_1_12' title="bbox 157 1461 1166 1586">
     <span class='ocr_line' id='line_1_13' title="bbox 157 1461 1166 1586; baseline 0.004 -26"><span class='ocrx_word' id='word_1_79' title='bbox 157 1519 225 1561; x_wconf 90' lang='lat' dir='ltr'>rem</span> <span class='ocrx_word' id='word_1_80' title='bbox 246 1501 420 1582; x_wconf 89' lang='lat' dir='ltr'>quaestura</span> <span class='ocrx_word' id='word_1_81' title='bbox 441 1498 537 1563; x_wconf 88' lang='lat' dir='ltr'>istius</span> <span class='ocrx_word' id='word_1_82' title='bbox 561 1461 784 1564; x_wconf 86' lang='lat' dir='ltr'>demonstrata</span> <span class='ocrx_word' id='word_1_83' title='bbox 805 1501 966 1586; x_wconf 86' lang='lat' dir='ltr'>primique</span> <span class='ocrx_word' id='word_1_84' title='bbox 994 1500 1166 1586; x_wconf 85' lang='lat' dir='ltr'>magistra·</span> 
     </span>
    </p>

    <p class='ocr_par' dir='ltr' id='par_1_13' title="bbox 156 1585 1209 1674">
     <span class='ocr_line' id='line_1_14' title="bbox 156 1585 1209 1674; baseline 0.009 -25"><span class='ocrx_word' id='word_1_85' title='bbox 156 1588 210 1650; x_wconf 90' lang='lat' dir='ltr'>tus</span> <span class='ocrx_word' id='word_1_86' title='bbox 239 1589 272 1650; x_wconf 89' lang='lat' dir='ltr'>et</span> <span class='ocrx_word' id='word_1_87' title='bbox 300 1585 389 1651; x_wconf 85' lang='lat' dir='ltr'>furto</span> <span class='ocrx_word' id='word_1_88' title='bbox 422 1591 456 1651; x_wconf 89' lang='lat' dir='ltr'>et</span> <span class='ocrx_word' id='word_1_89' title='bbox 488 1587 608 1652; x_wconf 87' lang='lat' dir='ltr'>scelere</span> <span class='ocrx_word' id='word_1_90' title='bbox 638 1591 808 1672; x_wconf 86' lang='lat' dir='ltr'>perspecto</span> <span class='ocrx_word' id='word_1_91' title='bbox 841 1589 967 1674; x_wconf 89' lang='lat' dir='ltr'>reliqua</span> <span class='ocrx_word' id='word_1_92' title='bbox 998 1589 1165 1654; x_wconf 88' lang='lat' dir='ltr'>attendite.</span> <span class='ocrx_word' id='word_1_93' title='bbox 1181 1619 1209 1660; x_wconf 77' lang='lat' dir='ltr'>rs</span> 
     </span>
    </p>

    <p class='ocr_par' dir='ltr' id='par_1_14' title="bbox 155 1672 1206 2114">
     <span class='ocr_line' id='line_1_15' title="bbox 155 1672 1166 1762; baseline 0.003 -24"><span class='ocrx_word' id='word_1_94' title='bbox 155 1672 196 1738; x_wconf 94' lang='lat' dir='ltr'>In</span> <span class='ocrx_word' id='word_1_95' title='bbox 229 1673 346 1758; x_wconf 88' lang='lat' dir='ltr'>quibus</span> <span class='ocrx_word' id='word_1_96' title='bbox 378 1673 461 1739; x_wconf 89' lang='lat' dir='ltr'>illud</span> <span class='ocrx_word' id='word_1_97' title='bbox 492 1678 621 1759; x_wconf 85' lang='lat' dir='ltr'>tempus</span> <span class='ocrx_word' id='word_1_98' title='bbox 653 1673 860 1741; x_wconf 81' lang='lat' dir='ltr'>Sullanarum</span> <span class='ocrx_word' id='word_1_99' title='bbox 891 1676 1166 1762; x_wconf 71' lang='lat' dir='ltr'>proscriptionum</span> 
     </span>
     <span class='ocr_line' id='line_1_16' title="bbox 157 1761 1166 1850; baseline 0.001 -23"><span class='ocrx_word' id='word_1_100' title='bbox 157 1783 195 1828; x_wconf 82' lang='lat' dir='ltr'>ao</span> <span class='ocrx_word' id='word_1_101' title='bbox 221 1761 411 1847; x_wconf 78' lang='lat' dir='ltr'>rapinarum</span> <span class='ocrx_word' id='word_1_102' title='bbox 440 1763 714 1848; x_wconf 68' lang='lat' dir='ltr'>praetermittam</span> <span class='ocrx_word' id='word_1_103' title='bbox 744 1785 849 1849; x_wconf 89' lang='lat' dir='ltr'>neque</span> <span class='ocrx_word' id='word_1_104' title='bbox 880 1785 941 1850; x_wconf 90' lang='lat' dir='ltr'>ego</span> <span class='ocrx_word' id='word_1_105' title='bbox 972 1763 1073 1829; x_wconf 91' lang='lat' dir='ltr'>istum</span> <span class='ocrx_word' id='word_1_106' title='bbox 1102 1765 1166 1828; x_wconf 89' lang='lat' dir='ltr'>sibi</span> 
     </span>
     <span class='ocr_line' id='line_1_17' title="bbox 157 1850 1166 1917; baseline 0.002 -3"><span class='ocrx_word' id='word_1_107' title='bbox 157 1871 196 1914; x_wconf 87' lang='lat' dir='ltr'>ex</span> <span class='ocrx_word' id='word_1_108' title='bbox 233 1851 397 1915; x_wconf 89' lang='lat' dir='ltr'>communi</span> <span class='ocrx_word' id='word_1_109' title='bbox 439 1851 626 1915; x_wconf 75' lang='lat' dir='ltr'>calamitate</span> <span class='ocrx_word' id='word_1_110' title='bbox 663 1850 881 1916; x_wconf 85' lang='lat' dir='ltr'>defensionem</span> <span class='ocrx_word' id='word_1_111' title='bbox 918 1853 1021 1917; x_wconf 91' lang='lat' dir='ltr'>ullam</span> <span class='ocrx_word' id='word_1_112' title='bbox 1061 1853 1166 1916; x_wconf 90' lang='lat' dir='ltr'>sinam</span> 
     </span>
     <span class='ocr_line' id='line_1_18' title="bbox 157 1939 1165 2024; baseline 0.002 -22"><span class='ocrx_word' id='word_1_113' title='bbox 157 1959 292 2022; x_wconf 86' lang='lat' dir='ltr'>sumere,</span> <span class='ocrx_word' id='word_1_114' title='bbox 314 1939 382 2003; x_wconf 89' lang='lat' dir='ltr'>suis</span> <span class='ocrx_word' id='word_1_115' title='bbox 406 1960 479 2002; x_wconf 90' lang='lat' dir='ltr'>eum</span> <span class='ocrx_word' id='word_1_116' title='bbox 502 1939 600 2004; x_wconf 88' lang='lat' dir='ltr'>certis</span> <span class='ocrx_word' id='word_1_117' title='bbox 618 1939 822 2024; x_wconf 83' lang='lat' dir='ltr'>propriisque</span> <span class='ocrx_word' id='word_1_118' title='bbox 836 1939 1025 2005; x_wconf 75' lang='lat' dir='ltr'>criminibus</span> <span class='ocrx_word' id='word_1_119' title='bbox 1039 1961 1165 2006; x_wconf 88' lang='lat' dir='ltr'>accusa·</span> 
     </span>
     <span class='ocr_line' id='line_1_19' title="bbox 156 2025 1206 2114; baseline 0.002 -24"><span class='ocrx_word' id='word_1_120' title='bbox 156 2027 209 2092; x_wconf 83' lang='lat' dir='ltr'>bo.</span> <span class='ocrx_word' id='word_1_121' title='bbox 259 2025 364 2102; x_wconf 82' lang='lat' dir='ltr'>Quam</span> <span class='ocrx_word' id='word_1_122' title='bbox 397 2027 440 2091; x_wconf 96' lang='lat' dir='ltr'>ob</span> <span class='ocrx_word' id='word_1_123' title='bbox 470 2047 541 2090; x_wconf 88' lang='lat' dir='ltr'>rem</span> <span class='ocrx_word' id='word_1_124' title='bbox 572 2026 634 2092; x_wconf 92' lang='lat' dir='ltr'>hoc</span> <span class='ocrx_word' id='word_1_125' title='bbox 666 2027 755 2091; x_wconf 88' lang='lat' dir='ltr'>omni</span> <span class='ocrx_word' id='word_1_126' title='bbox 785 2030 932 2114; x_wconf 90' lang='lat' dir='ltr'>tempore</span> <span class='ocrx_word' id='word_1_127' title='bbox 959 2025 1093 2093; x_wconf 83' lang='lat' dir='ltr'>Sullano</span> <span class='ocrx_word' id='word_1_128' title='bbox 1126 2049 1164 2092; x_wconf 84' lang='lat' dir='ltr'>ex</span> <span class='ocrx_word' id='word_1_129' title='bbox 1178 2059 1206 2100; x_wconf 73' lang='lat'>20</span> 
     </span>
    </p>

    <p class='ocr_par' dir='ltr' id='par_1_15' title="bbox 136 2113 1164 2264">
     <span class='ocr_line' id='line_1_20' title="bbox 136 2113 1164 2264; baseline 0.004 -86"><span class='ocrx_word' id='word_1_130' title='bbox 136 2114 360 2264; x_wconf 52' lang='lat' dir='ltr'>accusatizne</span> <span class='ocrx_word' id='word_1_131' title='bbox 383 2113 628 2199; x_wconf 87' lang='lat' dir='ltr'>circumscripto</span> <span class='ocrx_word' id='word_1_132' title='bbox 651 2115 849 2200; x_wconf 80' lang='lat' dir='ltr'>legationem</span> <span class='ocrx_word' id='word_1_133' title='bbox 873 2115 941 2181; x_wconf 88' lang='lat' dir='ltr'>eius</span> <span class='ocrx_word' id='word_1_134' title='bbox 962 2116 1164 2200; x_wconf 88' lang='lat' dir='ltr'>praeclaram</span> 
     </span>
    </p>

    <p class='ocr_par' dir='ltr' id='par_1_16' title="bbox 131 2221 348 2266">
     <span class='ocr_line' id='line_1_21' title="bbox 131 2221 348 2266; baseline -0.005 0"><span class='ocrx_word' id='word_1_135' title='bbox 131 2223 192 2266; x_wconf 91' lang='lat' dir='ltr'>-co</span> <span class='ocrx_word' id='word_1_136' title='bbox 240 2221 348 2266; x_wconf 86' lang='lat' dir='ltr'>osc1e.</span> 
     </span>
    </p>

    <p class='ocr_par' dir='ltr' id='par_1_17' title="bbox 102 2222 1203 3432">
     <span class='ocr_line' id='line_1_22' title="bbox 102 2222 1165 2383; baseline 0.005 -32"><span class='ocrx_word' id='word_1_137' title='bbox 102 2257 144 2383; x_wconf 60' lang='grc' dir='ltr'><strong>Η</strong></span> <span class='ocrx_word' id='word_1_138' title='bbox 195 2222 440 2374; x_wconf 66' lang='lat' dir='ltr'>gli&gt;osteaquam</span> <span class='ocrx_word' id='word_1_139' title='bbox 462 2287 520 2355; x_wconf 83' lang='lat' dir='ltr'>On.</span> <span class='ocrx_word' id='word_1_140' title='bbox 543 2288 735 2354; x_wconf 88' lang='lat' dir='ltr'>Dolabellae</span> <span class='ocrx_word' id='word_1_141' title='bbox 762 2291 929 2376; x_wconf 82' lang='lat' dir='ltr'>provincia</span> <span class='ocrx_word' id='word_1_142' title='bbox 951 2290 1065 2358; x_wconf 84' lang='lat' dir='ltr'>Cilicia</span> <span class='ocrx_word' id='word_1_143' title='bbox 1092 2313 1165 2358; x_wconf 92' lang='lat' dir='ltr'>con·</span> 
     </span>
     <span class='ocr_line' id='line_1_23' title="bbox 156 2376 1164 2464; baseline 0.004 -24"><span class='ocrx_word' id='word_1_144' title='bbox 156 2376 274 2441; x_wconf 88' lang='lat' dir='ltr'>stituta</span> <span class='ocrx_word' id='word_1_145' title='bbox 301 2380 364 2460; x_wconf 89' lang='lat' dir='ltr'>est,</span> <span class='ocrx_word' id='word_1_146' title='bbox 392 2397 411 2442; x_wconf 97' lang='lat' dir='ltr'>o</span> <span class='ocrx_word' id='word_1_147' title='bbox 440 2377 473 2441; x_wconf 89' lang='lat' dir='ltr'>di</span> <span class='ocrx_word' id='word_1_148' title='bbox 499 2377 715 2459; x_wconf 89' lang='lat' dir='ltr'>immortales,</span> <span class='ocrx_word' id='word_1_149' title='bbox 743 2383 865 2462; x_wconf 83' lang='lat' dir='ltr'>quanta</span> <span class='ocrx_word' id='word_1_150' title='bbox 892 2381 955 2444; x_wconf 89' lang='lat' dir='ltr'>iste</span> <span class='ocrx_word' id='word_1_151' title='bbox 974 2379 1164 2464; x_wconf 84' lang='lat' dir='ltr'>cupiditate,</span> 
     </span>
     <span class='ocr_line' id='line_1_24' title="bbox 154 2461 1203 2554; baseline 0.01 -26"><span class='ocrx_word' id='word_1_152' title='bbox 154 2463 272 2546; x_wconf 88' lang='lat' dir='ltr'>quibus</span> <span class='ocrx_word' id='word_1_153' title='bbox 296 2464 548 2550; x_wconf 81' lang='lat' dir='ltr'>allegationibus</span> <span class='ocrx_word' id='word_1_154' title='bbox 570 2467 664 2531; x_wconf 91' lang='lat' dir='ltr'>illam</span> <span class='ocrx_word' id='word_1_155' title='bbox 687 2465 750 2531; x_wconf 88' lang='lat' dir='ltr'>sibi</span> <span class='ocrx_word' id='word_1_156' title='bbox 777 2461 975 2554; x_wconf 82' lang='lat' dir='ltr'>legationem</span> <span class='ocrx_word' id='word_1_157' title='bbox 1002 2489 1163 2554; x_wconf 85' lang='lat' dir='ltr'>expugna·</span> <span class='ocrx_word' id='word_1_158' title='bbox 1176 2497 1203 2539; x_wconf 76' lang='lat' dir='ltr'>aa</span> 
     </span>
     <span class='ocr_line' id='line_1_25' title="bbox 154 2551 1163 2640; baseline 0.008 -26"><span class='ocrx_word' id='word_1_159' title='bbox 154 2551 216 2615; x_wconf 84' lang='lat' dir='ltr'>vitl</span> <span class='ocrx_word' id='word_1_160' title='bbox 238 2551 272 2616; x_wconf 89' lang='lat' dir='ltr'>id</span> <span class='ocrx_word' id='word_1_161' title='bbox 295 2553 382 2636; x_wconf 92' lang='lat' dir='ltr'>quod</span> <span class='ocrx_word' id='word_1_162' title='bbox 400 2551 457 2618; x_wconf 83' lang='lat' dir='ltr'>On.</span> <span class='ocrx_word' id='word_1_163' title='bbox 475 2554 667 2619; x_wconf 90' lang='lat' dir='ltr'>Dolabellae</span> <span class='ocrx_word' id='word_1_164' title='bbox 685 2555 880 2640; x_wconf 89' lang='lat' dir='ltr'>principium</span> <span class='ocrx_word' id='word_1_165' title='bbox 899 2555 1058 2621; x_wconf 86' lang='lat' dir='ltr'>maximae</span> <span class='ocrx_word' id='word_1_166' title='bbox 1076 2555 1163 2622; x_wconf 86' lang='lat' dir='ltr'>cala·</span> 
     </span>
     <span class='ocr_line' id='line_1_26' title="bbox 154 2639 1162 2729; baseline 0.006 -26"><span class='ocrx_word' id='word_1_167' title='bbox 154 2639 280 2705; x_wconf 85' lang='lat' dir='ltr'>mitatis</span> <span class='ocrx_word' id='word_1_168' title='bbox 302 2639 374 2705; x_wconf 83' lang='lat' dir='ltr'>fuit.</span> <span class='ocrx_word' id='word_1_169' title='bbox 419 2640 506 2706; x_wconf 91' lang='lat' dir='ltr'>Nam</span> <span class='ocrx_word' id='word_1_170' title='bbox 528 2644 566 2709; x_wconf 90' lang='lat' dir='ltr'>ut</span> <span class='ocrx_word' id='word_1_171' title='bbox 589 2645 640 2706; x_wconf 84' lang='lat' dir='ltr'>est</span> <span class='ocrx_word' id='word_1_172' title='bbox 665 2641 728 2707; x_wconf 85' lang='lat' dir='ltr'>iste</span> <span class='ocrx_word' id='word_1_173' title='bbox 755 2643 934 2729; x_wconf 87' lang='lat' dir='ltr'>profectus,</span> <span class='ocrx_word' id='word_1_174' title='bbox 962 2665 1162 2729; x_wconf 88' lang='lat' dir='ltr'>quacumque</span> 
     </span>
     <span class='ocr_line' id='line_1_27' title="bbox 153 2727 1162 2818; baseline 0.007 -27"><span class='ocrx_word' id='word_1_175' title='bbox 153 2727 217 2792; x_wconf 87' lang='lat' dir='ltr'>iter</span> <span class='ocrx_word' id='word_1_176' title='bbox 242 2728 334 2814; x_wconf 84' lang='lat' dir='ltr'>feeit,</span> <span class='ocrx_word' id='word_1_177' title='bbox 361 2729 429 2795; x_wconf 89' lang='lat' dir='ltr'>eius</span> <span class='ocrx_word' id='word_1_178' title='bbox 452 2730 540 2795; x_wconf 91' lang='lat' dir='ltr'>modi</span> <span class='ocrx_word' id='word_1_179' title='bbox 561 2728 638 2814; x_wconf 85' lang='lat' dir='ltr'>fuit,</span> <span class='ocrx_word' id='word_1_180' title='bbox 664 2750 731 2796; x_wconf 89' lang='lat' dir='ltr'>non</span> <span class='ocrx_word' id='word_1_181' title='bbox 753 2734 790 2795; x_wconf 91' lang='lat' dir='ltr'>ut</span> <span class='ocrx_word' id='word_1_182' title='bbox 812 2732 942 2818; x_wconf 87' lang='lat' dir='ltr'>legatus</span> <span class='ocrx_word' id='word_1_183' title='bbox 965 2732 1079 2817; x_wconf 91' lang='lat' dir='ltr'>populi</span> <span class='ocrx_word' id='word_1_184' title='bbox 1099 2731 1162 2798; x_wconf 89' lang='lat' dir='ltr'>Ro·</span> 
     </span>
     <span class='ocr_line' id='line_1_28' title="bbox 153 2817 1162 2904; baseline 0.004 -24"><span class='ocrx_word' id='word_1_185' title='bbox 153 2817 255 2900; x_wconf 88' lang='lat' dir='ltr'>mani,</span> <span class='ocrx_word' id='word_1_186' title='bbox 282 2818 339 2882; x_wconf 90' lang='lat' dir='ltr'>sed</span> <span class='ocrx_word' id='word_1_187' title='bbox 360 2821 397 2883; x_wconf 91' lang='lat' dir='ltr'>ut</span> <span class='ocrx_word' id='word_1_188' title='bbox 421 2818 577 2902; x_wconf 89' lang='lat' dir='ltr'>quaedam</span> <span class='ocrx_word' id='word_1_189' title='bbox 601 2817 770 2883; x_wconf 85' lang='lat' dir='ltr'>calamitas</span> <span class='ocrx_word' id='word_1_190' title='bbox 792 2821 968 2904; x_wconf 84' lang='lat' dir='ltr'>pervadere</span> <span class='ocrx_word' id='word_1_191' title='bbox 991 2819 1162 2885; x_wconf 82' lang='lat' dir='ltr'>rideretur.</span> 
     </span>
     <span class='ocr_line' id='line_1_29' title="bbox 152 2903 1200 2992; baseline 0.009 -24"><span class='ocrx_word' id='word_1_192' title='bbox 152 2903 193 2968; x_wconf 87' lang='lat' dir='ltr'>In</span> <span class='ocrx_word' id='word_1_193' title='bbox 227 2904 354 2972; x_wconf 86' lang='lat' dir='ltr'>Achaia</span> <span class='ocrx_word' id='word_1_194' title='bbox 393 2904 667 2992; x_wconf 87' lang='lat' dir='ltr'>(praetermittam</span> <span class='ocrx_word' id='word_1_195' title='bbox 703 2907 830 2972; x_wconf 89' lang='lat' dir='ltr'>minora</span> <span class='ocrx_word' id='word_1_196' title='bbox 866 2909 988 2992; x_wconf 86' lang='lat' dir='ltr'>omnia,</span> <span class='ocrx_word' id='word_1_197' title='bbox 1025 2930 1161 2992; x_wconf 89' lang='lat' dir='ltr'>quorum</span> <span class='ocrx_word' id='word_1_198' title='bbox 1175 2936 1200 2977; x_wconf 86' lang='lat' dir='ltr'>so</span> 
     </span>
     <span class='ocr_line' id='line_1_30' title="bbox 154 2991 1162 3080; baseline 0.003 -24"><span class='ocrx_word' id='word_1_199' title='bbox 154 2991 261 3058; x_wconf 88' lang='lat' dir='ltr'>simile</span> <span class='ocrx_word' id='word_1_200' title='bbox 283 2992 424 3060; x_wconf 85' lang='lat' dir='ltr'>forsitan</span> <span class='ocrx_word' id='word_1_201' title='bbox 446 2993 529 3058; x_wconf 87' lang='lat' dir='ltr'>alius</span> <span class='ocrx_word' id='word_1_202' title='bbox 553 3015 680 3078; x_wconf 89' lang='lat' dir='ltr'>quoque</span> <span class='ocrx_word' id='word_1_203' title='bbox 703 2995 826 3078; x_wconf 90' lang='lat' dir='ltr'>aliquid</span> <span class='ocrx_word' id='word_1_204' title='bbox 845 2996 1018 3080; x_wconf 89' lang='lat' dir='ltr'>aliquando</span> <span class='ocrx_word' id='word_1_205' title='bbox 1036 2996 1162 3080; x_wconf 81' lang='lat' dir='ltr'>fecerit3</span> 
     </span>
     <span class='ocr_line' id='line_1_31' title="bbox 153 3080 1162 3168; baseline 0.003 -24"><span class='ocrx_word' id='word_1_206' title='bbox 153 3080 236 3145; x_wconf 89' lang='lat' dir='ltr'>nihil</span> <span class='ocrx_word' id='word_1_207' title='bbox 265 3082 369 3146; x_wconf 86' lang='lat' dir='ltr'>dicam</span> <span class='ocrx_word' id='word_1_208' title='bbox 391 3081 455 3145; x_wconf 89' lang='lat' dir='ltr'>nisi</span> <span class='ocrx_word' id='word_1_209' title='bbox 477 3081 657 3166; x_wconf 85' lang='lat' dir='ltr'>singulare,</span> <span class='ocrx_word' id='word_1_210' title='bbox 683 3082 748 3147; x_wconf 90' lang='lat' dir='ltr'>nisi</span> <span class='ocrx_word' id='word_1_211' title='bbox 770 3083 817 3167; x_wconf 91' lang='lat' dir='ltr'>id,</span> <span class='ocrx_word' id='word_1_212' title='bbox 844 3085 931 3168; x_wconf 90' lang='lat' dir='ltr'>quod</span> <span class='ocrx_word' id='word_1_213' title='bbox 953 3084 982 3149; x_wconf 92' lang='lat' dir='ltr'>si</span> <span class='ocrx_word' id='word_1_214' title='bbox 1003 3084 1039 3148; x_wconf 90' lang='lat' dir='ltr'>in</span> <span class='ocrx_word' id='word_1_215' title='bbox 1061 3083 1162 3148; x_wconf 90' lang='lat' dir='ltr'>alium</span> 
     </span>
     <span class='ocr_line' id='line_1_32' title="bbox 152 3169 1161 3258; baseline 0.004 -26"><span class='ocrx_word' id='word_1_216' title='bbox 152 3191 243 3233; x_wconf 91' lang='lat' dir='ltr'>reum</span> <span class='ocrx_word' id='word_1_217' title='bbox 282 3169 452 3252; x_wconf 81' lang='lat' dir='ltr'>diceretur,</span> <span class='ocrx_word' id='word_1_218' title='bbox 492 3169 681 3235; x_wconf 89' lang='lat' dir='ltr'>incredibile</span> <span class='ocrx_word' id='word_1_219' title='bbox 717 3170 894 3258; x_wconf 85' lang='lat' dir='ltr'>videretur)</span> <span class='ocrx_word' id='word_1_220' title='bbox 931 3172 1161 3258; x_wconf 87' lang='lat' dir='ltr'>magistratum</span> 
     </span>
     <span class='ocr_line' id='line_1_33' title="bbox 154 3253 1162 3342; baseline 0.004 -22"><span class='ocrx_word' id='word_1_221' title='bbox 154 3253 340 3340; x_wconf 81' lang='lat' dir='ltr'>Sicyonium</span> <span class='ocrx_word' id='word_1_222' title='bbox 367 3278 518 3322; x_wconf 90' lang='lat' dir='ltr'>nummos</span> <span class='ocrx_word' id='word_1_223' title='bbox 545 3258 703 3342; x_wconf 86' lang='lat' dir='ltr'>poposcit.</span> <span class='ocrx_word' id='word_1_224' title='bbox 748 3257 801 3324; x_wconf 91' lang='lat' dir='ltr'>Ne</span> <span class='ocrx_word' id='word_1_225' title='bbox 827 3260 870 3324; x_wconf 90' lang='lat' dir='ltr'>sit</span> <span class='ocrx_word' id='word_1_226' title='bbox 898 3259 961 3326; x_wconf 92' lang='lat' dir='ltr'>hoc</span> <span class='ocrx_word' id='word_1_227' title='bbox 984 3260 1106 3325; x_wconf 89' lang='lat' dir='ltr'>crimen</span> <span class='ocrx_word' id='word_1_228' title='bbox 1127 3260 1162 3324; x_wconf 88' lang='lat' dir='ltr'>in</span> 
     </span>
     <span class='ocr_line' id='line_1_34' title="bbox 152 3340 1199 3432; baseline 0.009 -25"><span class='ocrx_word' id='word_1_229' title='bbox 152 3340 302 3426; x_wconf 82' lang='lat' dir='ltr'>Verrem3</span> <span class='ocrx_word' id='word_1_230' title='bbox 328 3344 473 3408; x_wconf 86' lang='lat' dir='ltr'>fecerunt</span> <span class='ocrx_word' id='word_1_231' title='bbox 500 3345 565 3409; x_wconf 89' lang='lat' dir='ltr'>alii.</span> <span class='ocrx_word' id='word_1_232' title='bbox 611 3343 693 3410; x_wconf 80' lang='lat' dir='ltr'>Dum</span> <span class='ocrx_word' id='word_1_233' title='bbox 719 3347 777 3411; x_wconf 92' lang='lat' dir='ltr'>ille</span> <span class='ocrx_word' id='word_1_234' title='bbox 798 3369 865 3412; x_wconf 92' lang='lat' dir='ltr'>non</span> <span class='ocrx_word' id='word_1_235' title='bbox 888 3348 992 3432; x_wconf 88' lang='lat' dir='ltr'>daret,</span> <span class='ocrx_word' id='word_1_236' title='bbox 1020 3347 1161 3412; x_wconf 86' lang='lat' dir='ltr'>animad-</span> <span class='ocrx_word' id='word_1_237' title='bbox 1174 3374 1199 3416; x_wconf 79' lang='lat' dir='ltr'>cs</span> 
     </span>
    </p>

    <p class='ocr_par' dir='ltr' id='par_1_18' title="bbox 98 3430 1162 3609">
     <span class='ocr_line' id='line_1_35' title="bbox 98 3430 1162 3516; baseline 0.008 -23"><span class='ocrx_word' id='word_1_238' title='bbox 98 3444 133 3494; x_wconf 77' lang='lat'>45</span> <span class='ocrx_word' id='word_1_239' title='bbox 153 3431 259 3494; x_wconf 85' lang='lat' dir='ltr'>vertit.</span> <span class='ocrx_word' id='word_1_240' title='bbox 291 3430 490 3516; x_wconf 87' lang='lat' dir='ltr'>Improbum,</span> <span class='ocrx_word' id='word_1_241' title='bbox 510 3432 650 3497; x_wconf 90' lang='lat' dir='ltr'>sednon</span> <span class='ocrx_word' id='word_1_242' title='bbox 666 3433 856 3500; x_wconf 88' lang='lat' dir='ltr'>inauditum.</span> <span class='ocrx_word' id='word_1_243' title='bbox 894 3435 1003 3501; x_wconf 84' lang='lat' dir='ltr'>Genus</span> <span class='ocrx_word' id='word_1_244' title='bbox 1020 3435 1162 3500; x_wconf 88' lang='lat' dir='ltr'>animad-</span> 
     </span>
     <span class='ocr_line' id='line_1_36' title="bbox 151 3517 1161 3609; baseline 0.009 -30"><span class='ocrx_word' id='word_1_245' title='bbox 151 3517 309 3580; x_wconf 83' lang='lat' dir='ltr'>versionis</span> <span class='ocrx_word' id='word_1_246' title='bbox 336 3517 457 3602; x_wconf 79' lang='lat' dir='ltr'>videte3</span> <span class='ocrx_word' id='word_1_247' title='bbox 485 3519 660 3604; x_wconf 83' lang='lat' dir='ltr'>quaeretis,</span> <span class='ocrx_word' id='word_1_248' title='bbox 690 3541 729 3585; x_wconf 86' lang='lat' dir='ltr'>ex</span> <span class='ocrx_word' id='word_1_249' title='bbox 756 3543 820 3604; x_wconf 89' lang='lat' dir='ltr'>quo</span> <span class='ocrx_word' id='word_1_250' title='bbox 848 3542 966 3609; x_wconf 89' lang='lat' dir='ltr'>genere</span> <span class='ocrx_word' id='word_1_251' title='bbox 992 3523 1161 3590; x_wconf 91' lang='lat' dir='ltr'>hominum</span> 
     </span>
    </p>
   </div>
   <div class='ocr_carea' id='block_1_3' title="bbox 104 669 149 796">
    <p class='ocr_par' dir='ltr' id='par_1_19' title="bbox 104 669 149 796">
     <span class='ocr_line' id='line_1_37' title="bbox 104 669 149 796; baseline 0.044 -2"><span class='ocrx_word' id='word_1_252' title='bbox 104 669 149 796; x_wconf 78' lang='lat' dir='ltr'>s</span> 
     </span>
    </p>
   </div>
   <div class='ocr_carea' id='block_1_4' title="bbox 0 0 1306 3880">
    <p class='ocr_par' dir='ltr' id='par_1_20' title="bbox 0 0 1306 3880">
     <span class='ocr_line' id='line_1_38' title="bbox 0 0 1306 3880; baseline 0 3"><span class='ocrx_word' id='word_1_253' title='bbox 0 0 1306 3880; x_wconf 95' lang='lat' dir='ltr'> </span> 
     </span>
    </p>
   </div>
  </div>
 </body>
</html>
