2558 3884
329 198 397 254 ΜΒ.
416 199 455 254 111
485 199 563 260 cAP.
583 206 721 267 12—145
741 206 854 256 er-ar.
1033 198 1099 265 283

80 343 217 430 possit?
259 342 352 409 ‘Non
369 343 494 408 malum
517 343 593 429 est',
615 344 735 429 inquit,
759 344 846 410 ‘esse
868 344 967 410 istam
988 342 1100 409 formi-

81 433 210 517 dinem,
238 436 290 518 ut,
318 453 391 497 oum
421 435 570 498 exactum
598 432 643 498 sit
670 433 712 498 ab
738 436 881 517 aratore,
907 436 1032 516 tamen,
1058 453 1100 498 ne

82 543 120 587 se
144 524 365 604 commoveat,
387 521 531 603 reliquus
554 523 661 586 metus
684 521 794 586 iudicii
817 520 881 587 sit?
923 519 957 586 si
980 520 1098 586 iudicio

82 610 136 676 vis
165 632 186 674 a
214 631 266 674 me
294 609 436 694 exigere,
467 631 598 675 remove
622 607 766 674 Siculum
793 610 1038 695 magistratum
1070 608 1099 673 si

55 699 172 764 ehanc
190 697 258 762 vim
276 697 422 781 adhibes,
444 697 523 782 quid
541 720 622 783 opus
646 701 697 763 est
718 697 860 764 iudicio?
898 697 976 774 Quis
999 719 1097 783 porro
1164 770 1172 779 ,

84 786 158 870 erit,
178 785 258 870 quin
271 785 367 850 malit
385 785 570 887 decumanis
588 786 654 851 tuis
673 787 759 871 dare,
778 785 864 870 quod
881 785 1099 887 poposcerint,

84 873 524 1046 qualllaabuetrirsepiilaleicliaiii
541 874 1009 1046 Alslaililislrilacoildiiffiiiird
1032 983 1098 1026 om·
1111 944 1152 1071 13¹}

83 1051 177 1115 nium
199 1051 508 1134 controversiarum,
531 1072 614 1134 quae
637 1053 746 1116 essent
768 1051 854 1115 inter
877 1053 1042 1115 aratorem
1065 1052 1100 1114 et

45 1156 72 1196 1⁰
86 1139 316 1222 decumanum,
339 1137 368 1203 si
385 1142 459 1203 uter
480 1138 575 1223 velit,
599 1139 695 1205 edicit
719 1160 754 1203 se
776 1142 1021 1224 recuperatores
1045 1137 1099 1202 ds·

84 1231 207 1292 turum.
251 1227 397 1291 Primum
424 1248 508 1311 quae
535 1230 645 1311 potest
669 1249 740 1293 esse
763 1227 998 1309 controversie,
1026 1248 1098 1291 oum

85 1314 339 1469 tricipiti
357 1314 763 1469 diliculfflllillli
784 1316 1099 1470 Attulit

86 1496 211 1575 autem,
227 1453 326 1556 'unde
359 1425 507 1556 iuratum
539 1495 603 1576 est,
634 1492 752 1558 iudicio
784 1453 878 1558 suuin
908 1454 1099 1577 recuperare

48 1595 73 1637 ιδ
86 1580 178 1646 nullo
194 1579 291 1646 modo
309 1580 442 1665 potest?
477 1579 604 1645 Deinde
621 1579 656 1644 in
673 1580 735 1646 hoc
753 1581 852 1646 homo
870 1580 979 1646 luteus
998 1579 1099 1644 etiam

86 1668 224 1734 callidus
252 1690 291 1734 ac
316 1671 481 1734 veterator
509 1689 580 1733 esse
607 1669 693 1753 vult,
721 1669 808 1754 quod
834 1669 883 1733 ita
906 1667 1033 1733 scribit:
1062 1665 1099 1732 Sr

86 1775 180 1823 urnu
210 1773 342 1841 vocar,
372 1774 667 1823 aucuruusrouus
699 1775 804 1822 usco.
856 1753 961 1831 Quam
992 1754 1099 1836 lepide

88 1867 122 1911 se
144 1845 250 1910 furari
271 1846 381 1930 putat!
413 1845 543 1930 utrique
564 1845 646 1911 facit
668 1848 881 1931 potestatem,
910 1843 967 1908 sed
988 1846 1099 1907 utrum

87 1935 136 1998 ita
154 1931 335 2019 scripserit:
360 1932 401 1998 ‘si
417 1937 491 1998 uter
508 1933 608 1999 volct’
629 1956 684 1998 an:
707 1933 749 1998 ‘si
770 1933 965 1998 decumanus
988 1928 1100 2014 volet,
1208 1933 1212 1939 '

49 2022 171 2087 onihil
202 2021 354 2106 interest3
386 2024 497 2087 arator
529 2022 615 2087 enim
642 2027 718 2087 tuos
744 2022 827 2087 istos
854 2022 1099 2104 recuperatores

87 2132 267 2194 numquam
289 2110 388 2175 volet.

154 2196 261 2274 Quid?
293 2198 353 2262 illa
376 2198 466 2263 euius
489 2198 578 2263 modi
601 2201 690 2282 sunt,
718 2219 800 2282 quae
824 2218 863 2262 ex
885 2201 1033 2280 temporo
1057 2195 1099 2260 ab
1117 2219 1153 2269 aa

88 2287 236 2372 Apronio
259 2286 444 2352 admonitus
468 2285 589 2350 edixit?
635 2285 672 2361 Q.
691 2283 846 2371 Septicio,
868 2283 1099 2350 honestissimo

89 2376 198 2460 equite
225 2373 388 2460 Romano,
419 2374 592 2440 resistente
615 2374 761 2458 Apronio
790 2378 824 2438 et
851 2374 1037 2439 affirmante
1065 2393 1100 2438 se

49 2479 75 2522 ss
88 2465 163 2549 plus
182 2463 317 2529 decuma
336 2462 584 2546 condatum,
607 2462 751 2528 exoritur
773 2463 935 2548 peculiare
959 2462 1100 2526 edictum

89 2552 308 2637 repentinum,
330 2572 376 2617 ue
394 2551 481 2636 quis
499 2551 735 2616 frumentum
759 2552 801 2622 de
825 2573 914 2617 area
936 2551 1100 2616 tolleret

89 2644 193 2725 aute,
218 2661 328 2724 quam
351 2663 434 2706 oum
458 2639 665 2706 decumano
688 2645 825 2726 pactus
849 2642 961 2705 essct.
1007 2637 1100 2703 Fere

89 2729 149 2794 bat
175 2728 261 2795 hauc
289 2750 417 2813 quoque
444 2728 652 2812 iniquitatem
676 2726 836 2815 Septicius
859 2731 893 2793 et
914 2727 1014 2792 imbri
1035 2723 1101 2790 fru-

89 2820 237 2882 mentum
255 2816 419 2902 corrumpi
440 2816 477 2881 in
499 2839 575 2882 area
597 2818 793 2903 patiebatur,
815 2838 889 2882 cum
910 2815 994 2880 illud
1017 2813 1100 2878 edic

50 2922 78 2962 ⁸⁰
90 2910 162 2971 tum
180 2909 314 2991 repente
333 2905 531 2970 uberrimum
551 2909 585 2970 et
605 2905 929 2990 quaestuosissimum
947 2901 1100 2984 nascitur,

88 2997 132 3058 ut
161 2997 250 3058 ante
275 2992 473 3059 Kalendas
500 2991 665 3059 Sextilis
694 3015 821 3060 omnes
850 2993 1026 3092 decumas
1055 2988 1101 3054 ad

89 3081 766 3256 {rusticitatem{tulllius
784 3079 1008 3234 {stultu
1030 3099 1101 3251 iii
1119 3101 1153 3151 ³⁷

90 3258 218 3324 diderat
238 3262 335 3342 atque
355 3254 541 3346 afflixerat),
564 3259 620 3324 sed
642 3259 700 3323 isti
721 3257 786 3343 ipsi
809 3257 933 3342 equites
951 3256 1101 3340 Romani,

50 3361 77 3404 εδ
91 3347 147 3431 qui
166 3368 261 3412 suum
279 3347 330 3412 ius
349 3347 488 3412 retinere
507 3368 542 3411 se
560 3350 674 3412 contra
687 3345 870 3431 Apronium
887 3366 984 3430 posse
1008 3349 1102 3411 erant

90 3434 259 3520 arbitrati,
286 3435 447 3521 splendidi
471 3435 619 3501 homines
644 3438 677 3500 et
700 3433 774 3499 eliis
796 3435 1004 3520 praetoribus
1027 3455 1100 3520 gra-

89 3523 180 3605 tiosi,
213 3523 315 3590 uincti
347 3523 493 3610 Apronio
525 3523 640 3588 traditi
671 3526 755 3589 sunt.
804 3524 973 3589 Attendite
1006 3523 1101 3609 enim,
