2590 3884
161 173 225 239 180
462 171 500 226 IN
521 171 550 227 0.
565 171 719 226 VERREM
738 172 818 228 Aer.
837 172 869 226 11.

158 318 267 404 potius
276 339 343 382 non
351 316 448 382 modo
460 315 513 381 his
525 318 736 401 temporibus,
751 317 918 382 sedetiam
930 316 1018 401 apud
1029 316 1175 381 maiores

157 408 310 471 nostros?
343 406 415 490 quis
446 409 517 470 tam
546 409 691 470 remotus
717 406 781 471 fuit
809 429 829 470 a
857 405 1058 490 cupiditate?
1100 403 1175 489 Dic,

159 516 291 578 quaese,
324 500 445 578 eetera;
477 493 617 558 delectat
649 494 735 558 enim
765 516 816 559 me
844 494 985 558 bominis
1014 493 1175 579 gravitas,

158 583 294 648 scientie
312 583 401 665 iuris,
419 582 607 647 auctoritas.
637 582 759 647 Recita.
792 580 857 658 Qu1
875 601 920 646 ΔΒ
935 582 974 648 A
988 580 1173 647 Posrunro

158 671 195 747 Q.
213 669 346 736 Funvro
375 687 590 736 cnrsoarnus
619 687 753 737 Posrvn
781 689 826 736 nr
849 707 893 717 -
915 707 960 717 —
982 685 1088 734 rnorr
1112 687 1203 734 rra-e

107 771 155 821 10⁷
176 777 287 826 cumr.
315 758 417 824 ‘Fecit
430 753 579 823 fecerit⁹t
597 759 670 842 quis
686 781 842 843 umquam
856 758 957 824 edixit
969 758 1034 822 isto
1050 757 1173 823 modo?

158 850 230 933 quis
259 870 413 932 umquam
438 846 507 912 eius
530 847 578 911 rei
600 847 747 912 fraudem
770 852 829 913 aut
850 847 1030 932 periculum
1053 867 1174 931 propo·

158 938 225 1003 suit
243 938 357 1019 edicto,
376 957 458 1021 quae
476 956 580 1018 neque
599 941 675 1020 post
695 937 835 1002 edictmn
853 934 1047 1020 reprehendi
1065 954 1173 1018 neque

105 1030 234 1096 42ante
253 1026 394 1092 edictum
410 1023 572 1108 provideri
593 1025 723 1107 potuit?
763 1024 847 1107 Iure,
869 1024 1009 1108 legibue,
1032 1023 1173 1088 auctori·

157 1120 227 1180 tate
242 1115 396 1196 omnium,
411 1112 468 1196 qui
481 1112 740 1194 consulebantur,
754 1118 988 1177 testamentum
998 1109 1034 1175 P.
1043 1111 1173 1175 Annius
1189 1131 1218 1169 ιο

157 1203 280 1269 fecerat
309 1223 376 1267 non
406 1200 594 1284 inprobum,
624 1223 691 1265 non
721 1200 951 1283 inofficiosum,
979 1221 1047 1264 non
1077 1199 1173 1263 inhu-

159 1313 298 1356 manum.
332 1288 453 1364 Quodsi
471 1287 520 1352 ita
538 1288 677 1372 fecisset,
695 1293 807 1354 tamen
824 1295 901 1375 post
919 1288 1009 1352 illius
1028 1292 1172 1352 mortem

157 1379 240 1444 nihil
256 1378 294 1442 de
308 1380 506 1442 testamento
520 1376 610 1442 illius
624 1378 701 1442 novi
719 1378 800 1442 iuris
819 1376 974 1442 constitui
993 1381 1172 1460 oporteret.

157 1466 303 1532 Voconia
334 1466 388 1529 lex
418 1469 451 1528 te
484 1464 634 1531 videlieet
662 1466 854 1531 delectabat.
898 1464 1053 1530 Imitatus
1082 1485 1172 1529 esses

156 1557 265 1642 ipsum
278 1551 568 1636 illumVoconium,
587 1554 643 1638 qni
657 1555 730 1640 lege
745 1576 804 1620 sua
817 1554 1033 1619 hereditatem
1047 1553 1171 1617 ademit
1188 1571 1213 1610 ιι

157 1643 241 1709 nulli
258 1664 361 1727 neque
379 1641 502 1726 virgini
518 1662 623 1725 neque
642 1643 780 1726 mulieri,
804 1643 912 1708 sanxit
935 1642 970 1706 in
992 1645 1172 1725 posterum,

159 1733 214 1816 qui
241 1737 317 1817 post
340 1752 395 1796 ecs
418 1751 567 1795 censores
590 1751 705 1795 census
728 1736 828 1815 esset,
856 1752 896 1795 ne
920 1730 993 1814 quis
1015 1729 1171 1801 heredem

106 1833 156 1884 108
175 1821 335 1906 virginem
349 1841 429 1884 neve
448 1817 616 1882 mulierem
634 1819 765 1884 faceret.
796 1818 835 1883 In
856 1819 928 1904 lege
938 1817 1086 1883 Voconia
1104 1840 1172 1882 non
1293 1841 1294 1844 ¹

159 1914 209 1974 est
228 1911 343 1973 ‘rucrr
361 1905 650 1991 rncna1r',neque
669 1908 703 1972 in
721 1909 789 1972 ulle
807 1907 1020 1992 praeteritum
1039 1911 1170 1992 tempus

157 1996 404 2081 reprehenditur
420 1995 485 2060 nisi
504 1994 572 2058 eius
592 1997 648 2079 rei,
668 2018 750 2079 quae
769 2018 828 2060 sua
847 2002 963 2080 sponte
983 1997 1079 2075 [tam]
1100 2015 1169 2059 sce·
1184 2012 1210 2052 20

158 2087 263 2150 lerata
286 2089 320 2150 et
341 2083 467 2148 nefaria
490 2077 553 2164 est,
580 2088 630 2167 ut,
658 2084 788 2149 etiamsi
810 2084 863 2148 lex
884 2103 952 2148 non
973 2089 1073 2166 esset,
1102 2104 1170 2147 ma·

159 2193 301 2258 gnopere
336 2170 471 2235 vitanda
506 2170 614 2234 fuerit.
663 2172 772 2256 Atque
806 2172 841 2235 in
872 2171 924 2236 his
956 2170 1037 2255 ipsis
1070 2172 1168 2235 rebus

158 2261 263 2325 multa
285 2259 430 2323 videmus
452 2258 502 2322 ita
524 2263 639 2324 sancta
661 2281 730 2324 esse
752 2260 895 2346 legibus,
919 2265 958 2324 ut
980 2264 1056 2324 ante
1079 2259 1170 2324 faeta

157 2348 192 2412 in
227 2347 381 2411 iudicium
417 2368 483 2410 non
517 2352 686 2431 vocentur;
722 2346 874 2414 Cornelia
910 2347 1169 2430 testamentaria,
1292 2411 1293 2418 ,

157 2434 354 2517 nummaria,
382 2439 507 2500 ceterae
535 2436 718 2520 conplures,
747 2437 781 2500 in
807 2436 924 2521 quibus
945 2457 1013 2501 non
1035 2436 1086 2500 ius
1111 2436 1169 2500 ali·
1185 2454 1212 2495 rs
1292 2437 1293 2460 ¹

159 2523 245 2609 quod
275 2543 397 2587 novum
428 2521 549 2606 populo
581 2524 804 2607 constituitur,
841 2526 897 2589 sed
926 2523 1085 2605 sancitur,
1122 2529 1170 2606 ut,

159 2613 244 2697 quod
272 2632 398 2696 semper
425 2611 549 2675 malum
572 2611 699 2677 facinus
722 2611 833 2696 luerit,
861 2613 929 2678 eius
953 2612 1102 2697 quaestio
1126 2612 1169 2678 ad

108 2721 156 2771 109
175 2698 334 2785 populum
360 2699 523 2783 pertineat
550 2721 589 2763 ex
611 2706 700 2765 certo
723 2705 878 2786 tempore.
925 2699 974 2765 De
996 2701 1066 2765 iure
1089 2722 1167 2766 vero

157 2788 247 2854 civili
269 2788 298 2852 si
321 2789 394 2872 quis
415 2788 493 2852 novi
517 2787 593 2871 quid
616 2789 773 2873 instituit,
796 2790 824 2854 is
847 2810 914 2854 non
937 2789 1060 2872 omnia,
1084 2810 1168 2872 quae

158 2881 234 2942 ante
258 2880 331 2941 acte
355 2880 443 2959 sunt,
466 2881 540 2940 rata
562 2897 632 2940 esse
655 2877 821 2960 patietur?
861 2876 948 2942 Cedo
971 2876 1054 2942 mihi
1076 2877 1168 2963 leges
1183 2896 1211 2935 ιο

157 2963 298 3047 Atinias,
312 2963 435 3047 Furias,
449 2961 574 3046 Fusias,
587 2964 702 3048 ipsam,
716 2969 754 3030 ut
768 2965 843 3050 dixi,
856 2964 1046 3050 Voconiam,
1061 2965 1167 3031 omnis

157 3057 327 3137 praeterea
341 3052 380 3116 de
396 3053 465 3117 iure
483 3051 585 3136 civili,
603 3053 665 3118 hoe
683 3054 824 3138 reperies
843 3054 878 3118 in
896 3055 1047 3119 omnibus
1066 3053 1169 3119 statui

156 3139 221 3222 ius,
245 3161 308 3223 quo
331 3143 408 3225 post
431 3161 502 3204 eam
526 3141 633 3225 legem
655 3142 795 3226 populus
819 3146 940 3207 ututur.
982 3141 1045 3218 Qui
1067 3142 1169 3228 pluri·

157 3249 247 3291 mum
260 3227 410 3292 tribuunt
429 3227 542 3312 edicto,
560 3230 720 3312 praetoris
740 3230 882 3296 edictum
899 3231 1007 3318 legem
1025 3252 1168 3296 annuam

157 3313 268 3378 dicunt
300 3335 383 3397 esse3
414 3319 452 3378 tu
483 3314 588 3380 edicto
620 3317 694 3400 plus
722 3319 930 3404 amplecteris
958 3341 1056 3404 quam
1083 3319 1168 3404 lege.
1182 3337 1210 3378 ee

157 3396 191 3460 Si
213 3401 310 3463 finem
335 3402 439 3466 edicto
462 3404 622 3484 praetoris
646 3405 797 3470 adierunt
819 3406 986 3472 Kalendae
1008 3404 1087 3490 Ian,
1110 3429 1169 3472 cur

156 3503 222 3546 non
248 3486 379 3550 initium
407 3510 534 3572 quoque
563 3490 658 3556 edicti
685 3494 830 3559 nascitur
855 3518 875 3560 a
896 3494 1052 3560 Kalendis
1075 3495 1168 3562 Ian?
