<?xml version="1.0" encoding="UTF-8"?>
<!DOCTYPE html PUBLIC "-//W3C//DTD XHTML 1.0 Transitional//EN"
    "http://www.w3.org/TR/xhtml1/DTD/xhtml1-transitional.dtd">
<html xmlns="http://www.w3.org/1999/xhtml" xml:lang="en" lang="en">
 <head>
  <title>
</title>
<meta http-equiv="Content-Type" content="text/html;charset=utf-8" />
  <meta name='ocr-system' content='tesseract 3.04.00' />
  <meta name='ocr-capabilities' content='ocr_page ocr_carea ocr_par ocr_line ocrx_word'/>
</head>
<body>
  <div class='ocr_page' id='page_1' title='image "./scriptaquaemans01mullgoog_0351.png"; bbox 0 0 2576 3882; ppageno 0'>
   <div class='ocr_carea' id='block_1_1' title="bbox 130 175 893 264">
    <p class='ocr_par' dir='ltr' id='par_1_1' title="bbox 130 175 893 264">
     <span class='ocr_line' id='line_1_1' title="bbox 130 175 893 264; baseline 0.005 -36"><span class='ocrx_word' id='word_1_1' title='bbox 130 257 134 264; x_wconf 43' lang='lat'><strong>.</strong></span> <span class='ocrx_word' id='word_1_2' title='bbox 185 177 250 244; x_wconf 83' lang='lat'><strong>236</strong></span> <span class='ocrx_word' id='word_1_3' title='bbox 485 175 524 230; x_wconf 76' lang='lat' dir='ltr'><strong>nr</strong></span> <span class='ocrx_word' id='word_1_4' title='bbox 543 175 573 232; x_wconf 92' lang='lat' dir='ltr'><strong>c.</strong></span> <span class='ocrx_word' id='word_1_5' title='bbox 587 175 743 231; x_wconf 76' lang='lat' dir='ltr'><strong>uuonan</strong></span> <span class='ocrx_word' id='word_1_6' title='bbox 760 175 840 232; x_wconf 76' lang='lat' dir='ltr'><strong>scr.</strong></span> <span class='ocrx_word' id='word_1_7' title='bbox 859 177 893 232; x_wconf 94' lang='lat'><strong>11.</strong></span> 
     </span>
    </p>
   </div>
   <div class='ocr_carea' id='block_1_2' title="bbox 97 321 1236 3596">
    <p class='ocr_par' dir='ltr' id='par_1_2' title="bbox 97 321 1236 3596">
     <span class='ocr_line' id='line_1_2' title="bbox 185 321 1198 412; baseline 0.005 -25"><span class='ocrx_word' id='word_1_8' title='bbox 185 321 393 406; x_wconf 83' lang='lat' dir='ltr'><strong>afferrentur,</strong></span> <span class='ocrx_word' id='word_1_9' title='bbox 428 321 599 407; x_wconf 76' lang='lat' dir='ltr'>pertimuit</span> <span class='ocrx_word' id='word_1_10' title='bbox 634 321 807 406; x_wconf 90' lang='lat' dir='ltr'><strong>aliquando</strong></span> <span class='ocrx_word' id='word_1_11' title='bbox 844 326 879 387; x_wconf 89' lang='lat' dir='ltr'><strong>et</strong></span> <span class='ocrx_word' id='word_1_12' title='bbox 913 329 1096 390; x_wconf 89' lang='lat' dir='ltr'><strong>commotus</strong></span> <span class='ocrx_word' id='word_1_13' title='bbox 1129 330 1198 412; x_wconf 81' lang='lat' dir='ltr'><strong>est3</strong></span> 
     </span>
     <span class='ocr_line' id='line_1_3' title="bbox 185 410 1198 495; baseline 0.006 -19"><span class='ocrx_word' id='word_1_14' title='bbox 185 411 285 476; x_wconf 87' lang='lat' dir='ltr'><strong>vertit</strong></span> <span class='ocrx_word' id='word_1_15' title='bbox 302 411 415 475; x_wconf 83' lang='lat' dir='ltr'><strong>stilum</strong></span> <span class='ocrx_word' id='word_1_16' title='bbox 433 411 468 474; x_wconf 93' lang='lat' dir='ltr'><strong>in</strong></span> <span class='ocrx_word' id='word_1_17' title='bbox 484 410 609 476; x_wconf 88' lang='lat' dir='ltr'><strong>tabulis</strong></span> <span class='ocrx_word' id='word_1_18' title='bbox 628 410 705 494; x_wconf 91' lang='lat' dir='ltr'><strong>suis,</strong></span> <span class='ocrx_word' id='word_1_19' title='bbox 723 432 787 495; x_wconf 90' lang='lat' dir='ltr'><strong>quo</strong></span> <span class='ocrx_word' id='word_1_20' title='bbox 804 411 893 478; x_wconf 84' lang='lat' dir='ltr'><strong>facto</strong></span> <span class='ocrx_word' id='word_1_21' title='bbox 912 434 1045 478; x_wconf 82' lang='lat' dir='ltr'><strong>oausam</strong></span> <span class='ocrx_word' id='word_1_22' title='bbox 1062 435 1198 482; x_wconf 89' lang='lat' dir='ltr'><strong>omnem</strong></span> 
     </span>
     <span class='ocr_line' id='line_1_4' title="bbox 185 498 1198 587; baseline 0.005 -23"><span class='ocrx_word' id='word_1_23' title='bbox 185 500 304 565; x_wconf 83' lang='lat' dir='ltr'><strong>evertit</strong></span> <span class='ocrx_word' id='word_1_24' title='bbox 330 521 438 584; x_wconf 79' lang='lat' dir='ltr'><strong>suam3</strong></span> <span class='ocrx_word' id='word_1_25' title='bbox 462 499 546 564; x_wconf 88' lang='lat' dir='ltr'><strong>nihil</strong></span> <span class='ocrx_word' id='word_1_26' title='bbox 574 498 660 564; x_wconf 92' lang='lat' dir='ltr'><strong>enim</strong></span> <span class='ocrx_word' id='word_1_27' title='bbox 687 499 751 564; x_wconf 91' lang='lat' dir='ltr'><strong>sibi</strong></span> <span class='ocrx_word' id='word_1_28' title='bbox 774 499 894 584; x_wconf 81' lang='lat' dir='ltr'><strong>reliqui</strong></span> <span class='ocrx_word' id='word_1_29' title='bbox 914 500 1006 586; x_wconf 88' lang='lat' dir='ltr'><strong>fecit,</strong></span> <span class='ocrx_word' id='word_1_30' title='bbox 1033 503 1120 587; x_wconf 89' lang='lat' dir='ltr'><strong>quod</strong></span> <span class='ocrx_word' id='word_1_31' title='bbox 1144 505 1198 570; x_wconf 91' lang='lat' dir='ltr'><strong>de·</strong></span> 
     </span>
     <span class='ocr_line' id='line_1_5' title="bbox 184 586 1198 673; baseline 0.004 -21"><span class='ocrx_word' id='word_1_32' title='bbox 184 586 273 652; x_wconf 86' lang='lat' dir='ltr'><strong>fendi</strong></span> <span class='ocrx_word' id='word_1_33' title='bbox 301 587 413 672; x_wconf 89' lang='lat' dir='ltr'><strong>aliqua</strong></span> <span class='ocrx_word' id='word_1_34' title='bbox 438 588 565 653; x_wconf 84' lang='lat' dir='ltr'><strong>ratione</strong></span> <span class='ocrx_word' id='word_1_35' title='bbox 592 591 712 673; x_wconf 91' lang='lat' dir='ltr'><strong>posset.</strong></span> <span class='ocrx_word' id='word_1_36' title='bbox 757 587 845 653; x_wconf 83' lang='lat' dir='ltr'><strong>Nem</strong></span> <span class='ocrx_word' id='word_1_37' title='bbox 872 589 900 653; x_wconf 91' lang='lat' dir='ltr'><strong>si</strong></span> <span class='ocrx_word' id='word_1_38' title='bbox 922 589 971 655; x_wconf 86' lang='lat' dir='ltr'><strong>ite</strong></span> <span class='ocrx_word' id='word_1_39' title='bbox 993 590 1198 656; x_wconf 84' lang='lat' dir='ltr'><strong>defenderet:</strong></span> 
     </span>
     <span class='ocr_line' id='line_1_6' title="bbox 185 675 1224 764; baseline 0.006 -24"><span class='ocrx_word' id='word_1_40' title='bbox 185 675 315 761; x_wconf 75' lang='lat' dir='ltr'><strong>‘Recipi</strong></span> <span class='ocrx_word' id='word_1_41' title='bbox 340 698 460 741; x_wconf 90' lang='lat' dir='ltr'><strong>nomen</strong></span> <span class='ocrx_word' id='word_1_42' title='bbox 486 676 631 742; x_wconf 89' lang='lat' dir='ltr'><strong>absentis</strong></span> <span class='ocrx_word' id='word_1_43' title='bbox 659 676 748 760; x_wconf 79' lang='lat' dir='ltr'><strong>licet3</strong></span> <span class='ocrx_word' id='word_1_44' title='bbox 776 675 839 742; x_wconf 88' lang='lat' dir='ltr'><strong>hoc</strong></span> <span class='ocrx_word' id='word_1_45' title='bbox 864 677 937 742; x_wconf 90' lang='lat' dir='ltr'><strong>fieri</strong></span> <span class='ocrx_word' id='word_1_46' title='bbox 963 677 1000 743; x_wconf 94' lang='lat' dir='ltr'><strong>in</strong></span> <span class='ocrx_word' id='word_1_47' title='bbox 1024 680 1224 764; x_wconf 85' lang='lat' dir='ltr'><strong>provincia⁵</strong></span> 
     </span>
     <span class='ocr_line' id='line_1_7' title="bbox 183 763 1198 851; baseline 0.005 -22"><span class='ocrx_word' id='word_1_48' title='bbox 183 764 276 830; x_wconf 92' lang='lat' dir='ltr'><strong>nulla</strong></span> <span class='ocrx_word' id='word_1_49' title='bbox 297 763 351 830; x_wconf 85' lang='lat' dir='ltr'><strong>lex</strong></span> <span class='ocrx_word' id='word_1_50' title='bbox 372 763 492 849; x_wconf 84' lang='lat' dir='ltr'><strong>retat&#39;,</strong></span> <span class='ocrx_word' id='word_1_51' title='bbox 518 765 607 830; x_wconf 89' lang='lat' dir='ltr'><strong>mala</strong></span> <span class='ocrx_word' id='word_1_52' title='bbox 629 767 663 830; x_wconf 89' lang='lat' dir='ltr'><strong>et</strong></span> <span class='ocrx_word' id='word_1_53' title='bbox 683 764 835 849; x_wconf 85' lang='lat' dir='ltr'><strong>improba</strong></span> <span class='ocrx_word' id='word_1_54' title='bbox 857 765 1057 851; x_wconf 88' lang='lat' dir='ltr'><strong>defensione,</strong></span> <span class='ocrx_word' id='word_1_55' title='bbox 1079 790 1198 834; x_wconf 84' lang='lat' dir='ltr'><strong>rerum</strong></span> 
     </span>
     <span class='ocr_line' id='line_1_8' title="bbox 185 852 1197 937; baseline 0.004 -19"><span class='ocrx_word' id='word_1_56' title='bbox 185 853 295 937; x_wconf 92' lang='lat' dir='ltr'><strong>aliqua</strong></span> <span class='ocrx_word' id='word_1_57' title='bbox 321 857 433 918; x_wconf 89' lang='lat' dir='ltr'><strong>tamen</strong></span> <span class='ocrx_word' id='word_1_58' title='bbox 460 854 510 918; x_wconf 90' lang='lat' dir='ltr'><strong>uti</strong></span> <span class='ocrx_word' id='word_1_59' title='bbox 532 852 709 936; x_wconf 80' lang='lat' dir='ltr'><strong>videretur3</strong></span> <span class='ocrx_word' id='word_1_60' title='bbox 735 857 902 937; x_wconf 92' lang='lat' dir='ltr'><strong>postremo</strong></span> <span class='ocrx_word' id='word_1_61' title='bbox 924 858 1037 920; x_wconf 88' lang='lat' dir='ltr'><strong>tamen</strong></span> <span class='ocrx_word' id='word_1_62' title='bbox 1058 855 1117 921; x_wconf 86' lang='lat' dir='ltr'><strong>illo</strong></span> <span class='ocrx_word' id='word_1_63' title='bbox 1143 856 1197 922; x_wconf 85' lang='lat' dir='ltr'><strong>de·</strong></span> 
     </span>
     <span class='ocr_line' id='line_1_9' title="bbox 185 941 1198 1028; baseline 0.004 -22"><span class='ocrx_word' id='word_1_64' title='bbox 185 941 409 1027; x_wconf 85' lang='lat' dir='ltr'><strong>speratissimo</strong></span> <span class='ocrx_word' id='word_1_65' title='bbox 434 941 584 1028; x_wconf 77' lang='lat' dir='ltr'><strong>perfugio</strong></span> <span class='ocrx_word' id='word_1_66' title='bbox 608 943 657 1008; x_wconf 91' lang='lat' dir='ltr'><strong>uti</strong></span> <span class='ocrx_word' id='word_1_67' title='bbox 679 945 803 1026; x_wconf 89' lang='lat' dir='ltr'><strong>posset,</strong></span> <span class='ocrx_word' id='word_1_68' title='bbox 831 964 865 1007; x_wconf 90' lang='lat' dir='ltr'><strong>se</strong></span> <span class='ocrx_word' id='word_1_69' title='bbox 888 943 1128 1028; x_wconf 72' lang='lat' dir='ltr'><strong>imprudentem</strong></span> <span class='ocrx_word' id='word_1_70' title='bbox 1150 945 1198 1010; x_wconf 85' lang='lat' dir='ltr'><strong>fe-</strong></span> 
     </span>
     <span class='ocr_line' id='line_1_10' title="bbox 185 1028 1197 1118; baseline 0.002 -22"><span class='ocrx_word' id='word_1_71' title='bbox 185 1030 281 1115; x_wconf 80' lang='lat' dir='ltr'><strong>cisse,</strong></span> <span class='ocrx_word' id='word_1_72' title='bbox 308 1031 511 1096; x_wconf 78' lang='lat' dir='ltr'><strong>existimasse</strong></span> <span class='ocrx_word' id='word_1_73' title='bbox 537 1028 571 1094; x_wconf 92' lang='lat' dir='ltr'><strong>id</strong></span> <span class='ocrx_word' id='word_1_74' title='bbox 598 1029 703 1095; x_wconf 89' lang='lat' dir='ltr'><strong>licere.</strong></span> <span class='ocrx_word' id='word_1_75' title='bbox 750 1028 954 1114; x_wconf 82' lang='lat' dir='ltr'><strong>Quamquam</strong></span> <span class='ocrx_word' id='word_1_76' title='bbox 981 1032 1062 1098; x_wconf 86' lang='lat' dir='ltr'><strong>haec</strong></span> <span class='ocrx_word' id='word_1_77' title='bbox 1088 1033 1197 1118; x_wconf 91' lang='lat' dir='ltr'><strong>perdi-</strong></span> 
     </span>
     <span class='ocr_line' id='line_1_11' title="bbox 184 1118 1236 1202; baseline -0.002 -20"><span class='ocrx_word' id='word_1_78' title='bbox 184 1119 313 1184; x_wconf 79' lang='lat' dir='ltr'><strong>tissima</strong></span> <span class='ocrx_word' id='word_1_79' title='bbox 347 1118 492 1184; x_wconf 82' lang='lat' dir='ltr'><strong>defensio</strong></span> <span class='ocrx_word' id='word_1_80' title='bbox 527 1121 590 1200; x_wconf 90' lang='lat' dir='ltr'><strong>est,</strong></span> <span class='ocrx_word' id='word_1_81' title='bbox 625 1121 737 1183; x_wconf 89' lang='lat' dir='ltr'><strong>tamen</strong></span> <span class='ocrx_word' id='word_1_82' title='bbox 771 1118 893 1202; x_wconf 88' lang='lat' dir='ltr'><strong>aliquid</strong></span> <span class='ocrx_word' id='word_1_83' title='bbox 924 1119 988 1185; x_wconf 90' lang='lat' dir='ltr'><strong>dici</strong></span> <span class='ocrx_word' id='word_1_84' title='bbox 1020 1120 1236 1186; x_wconf 83' lang='lat' dir='ltr'><strong>videretur.1o</strong></span> 
     </span>
     <span class='ocr_line' id='line_1_12' title="bbox 184 1204 1196 1289; baseline 0.005 -18"><span class='ocrx_word' id='word_1_85' title='bbox 184 1207 287 1273; x_wconf 80' lang='lat' dir='ltr'><strong>Tollit</strong></span> <span class='ocrx_word' id='word_1_86' title='bbox 310 1229 349 1272; x_wconf 91' lang='lat' dir='ltr'><strong>ex</strong></span> <span class='ocrx_word' id='word_1_87' title='bbox 370 1206 493 1272; x_wconf 89' lang='lat' dir='ltr'><strong>tabulis</strong></span> <span class='ocrx_word' id='word_1_88' title='bbox 516 1204 563 1288; x_wconf 93' lang='lat' dir='ltr'><strong>id,</strong></span> <span class='ocrx_word' id='word_1_89' title='bbox 586 1205 672 1289; x_wconf 91' lang='lat' dir='ltr'><strong>quod</strong></span> <span class='ocrx_word' id='word_1_90' title='bbox 695 1210 778 1289; x_wconf 89' lang='lat' dir='ltr'><strong>erat,</strong></span> <span class='ocrx_word' id='word_1_91' title='bbox 802 1209 863 1288; x_wconf 91' lang='lat' dir='ltr'><strong>[et]</strong></span> <span class='ocrx_word' id='word_1_92' title='bbox 886 1206 966 1272; x_wconf 88' lang='lat' dir='ltr'><strong>facit</strong></span> <span class='ocrx_word' id='word_1_93' title='bbox 988 1229 1099 1274; x_wconf 85' lang='lat' dir='ltr'><strong>coram</strong></span> <span class='ocrx_word' id='word_1_94' title='bbox 1122 1231 1196 1276; x_wconf 89' lang='lat' dir='ltr'><strong>esse</strong></span> 
     </span>
     <span class='ocr_line' id='line_1_13' title="bbox 131 1295 1196 1469; baseline 0.005 -23"><span class='ocrx_word' id='word_1_95' title='bbox 131 1295 447 1448; x_wconf 44' lang='lat' dir='ltr'><strong>fideieplppvidete</strong></span> <span class='ocrx_word' id='word_1_96' title='bbox 473 1381 508 1446; x_wconf 94' lang='lat' dir='ltr'><strong>in</strong></span> <span class='ocrx_word' id='word_1_97' title='bbox 536 1385 617 1465; x_wconf 90' lang='lat' dir='ltr'><strong>quot</strong></span> <span class='ocrx_word' id='word_1_98' title='bbox 644 1403 679 1446; x_wconf 90' lang='lat' dir='ltr'><strong>se</strong></span> <span class='ocrx_word' id='word_1_99' title='bbox 707 1382 841 1467; x_wconf 91' lang='lat' dir='ltr'><strong>laqueos</strong></span> <span class='ocrx_word' id='word_1_100' title='bbox 867 1383 1009 1449; x_wconf 88' lang='lat' dir='ltr'><strong>induerit</strong></span> <span class='ocrx_word' id='word_1_101' title='bbox 1053 1407 1196 1469; x_wconf 90' lang='lat' dir='ltr'><strong>quorum</strong></span> 
     </span>
     <span class='ocr_line' id='line_1_14' title="bbox 133 1429 1196 1557; baseline 0.002 -21"><span class='ocrx_word' id='word_1_102' title='bbox 133 1429 224 1536; x_wconf 77' lang='lat' dir='ltr'><strong>¹02ex</strong></span> <span class='ocrx_word' id='word_1_103' title='bbox 249 1471 341 1536; x_wconf 93' lang='lat' dir='ltr'><strong>nullo</strong></span> <span class='ocrx_word' id='word_1_104' title='bbox 368 1492 403 1536; x_wconf 89' lang='lat' dir='ltr'><strong>se</strong></span> <span class='ocrx_word' id='word_1_105' title='bbox 435 1491 591 1554; x_wconf 85' lang='lat' dir='ltr'><strong>nmquam</strong></span> <span class='ocrx_word' id='word_1_106' title='bbox 618 1469 772 1555; x_wconf 76' lang='lat' dir='ltr'><strong>expediet.</strong></span> <span class='ocrx_word' id='word_1_107' title='bbox 816 1470 962 1537; x_wconf 89' lang='lat' dir='ltr'><strong>Primum</strong></span> <span class='ocrx_word' id='word_1_108' title='bbox 988 1435 1059 1557; x_wconf 80' lang='lat' dir='ltr'><strong>ipise</strong></span> <span class='ocrx_word' id='word_1_109' title='bbox 1085 1474 1121 1538; x_wconf 92' lang='lat' dir='ltr'><strong>in</strong></span> <span class='ocrx_word' id='word_1_110' title='bbox 1147 1472 1196 1538; x_wconf 92' lang='lat' dir='ltr'><strong>Si-</strong></span> 
     </span>
     <span class='ocr_line' id='line_1_15' title="bbox 184 1557 1235 1645; baseline 0.003 -20"><span class='ocrx_word' id='word_1_111' title='bbox 184 1559 259 1626; x_wconf 90' lang='lat' dir='ltr'><strong>eilia</strong></span> <span class='ocrx_word' id='word_1_112' title='bbox 277 1579 372 1644; x_wconf 83' lang='lat' dir='ltr'><strong>saepe</strong></span> <span class='ocrx_word' id='word_1_113' title='bbox 391 1559 450 1640; x_wconf 86' lang='lat' dir='ltr'><strong>[et]</strong></span> <span class='ocrx_word' id='word_1_114' title='bbox 474 1558 586 1644; x_wconf 85' lang='lat' dir='ltr'><strong>palam</strong></span> <span class='ocrx_word' id='word_1_115' title='bbox 609 1557 742 1624; x_wconf 90' lang='lat' dir='ltr'><strong>deloco</strong></span> <span class='ocrx_word' id='word_1_116' title='bbox 766 1559 931 1645; x_wconf 79' lang='lat' dir='ltr'><strong>superiore</strong></span> <span class='ocrx_word' id='word_1_117' title='bbox 954 1559 1079 1626; x_wconf 78' lang='lat' dir='ltr'><strong>dixerat</strong></span> <span class='ocrx_word' id='word_1_118' title='bbox 1103 1566 1136 1626; x_wconf 89' lang='lat' dir='ltr'><strong>et</strong></span> <span class='ocrx_word' id='word_1_119' title='bbox 1159 1564 1196 1628; x_wconf 91' lang='lat' dir='ltr'><strong>in</strong></span> <span class='ocrx_word' id='word_1_120' title='bbox 1211 1582 1235 1622; x_wconf 76' lang='lat'><strong>1⁵</strong></span> 
     </span>
     <span class='ocr_line' id='line_1_16' title="bbox 184 1646 1195 1736; baseline 0.005 -24"><span class='ocrx_word' id='word_1_121' title='bbox 184 1669 332 1713; x_wconf 88' lang='lat' dir='ltr'><strong>sermone</strong></span> <span class='ocrx_word' id='word_1_122' title='bbox 363 1646 477 1712; x_wconf 84' lang='lat' dir='ltr'><strong>multis</strong></span> <span class='ocrx_word' id='word_1_123' title='bbox 509 1646 749 1712; x_wconf 87' lang='lat' dir='ltr'><strong>demonstrarat</strong></span> <span class='ocrx_word' id='word_1_124' title='bbox 778 1648 875 1714; x_wconf 89' lang='lat' dir='ltr'><strong>licere</strong></span> <span class='ocrx_word' id='word_1_125' title='bbox 904 1670 1022 1714; x_wconf 89' lang='lat' dir='ltr'><strong>noman</strong></span> <span class='ocrx_word' id='word_1_126' title='bbox 1049 1650 1195 1736; x_wconf 89' lang='lat' dir='ltr'><strong>recipere</strong></span> 
     </span>
     <span class='ocr_line' id='line_1_17' title="bbox 185 1734 1195 1821; baseline 0.003 -20"><span class='ocrx_word' id='word_1_127' title='bbox 185 1736 343 1819; x_wconf 72' lang='lat' dir='ltr'><strong>absentis,</strong></span> <span class='ocrx_word' id='word_1_128' title='bbox 362 1758 396 1801; x_wconf 90' lang='lat' dir='ltr'><strong>se</strong></span> <span class='ocrx_word' id='word_1_129' title='bbox 415 1735 562 1821; x_wconf 87' lang='lat' dir='ltr'><strong>exemplo</strong></span> <span class='ocrx_word' id='word_1_130' title='bbox 580 1734 706 1819; x_wconf 87' lang='lat' dir='ltr'><strong>fecisse,</strong></span> <span class='ocrx_word' id='word_1_131' title='bbox 727 1737 812 1820; x_wconf 90' lang='lat' dir='ltr'><strong>quod</strong></span> <span class='ocrx_word' id='word_1_132' title='bbox 829 1737 969 1802; x_wconf 82' lang='lat' dir='ltr'><strong>fecisset.</strong></span> <span class='ocrx_word' id='word_1_133' title='bbox 1009 1736 1099 1804; x_wconf 89' lang='lat' dir='ltr'><strong>Haec</strong></span> <span class='ocrx_word' id='word_1_134' title='bbox 1118 1760 1195 1805; x_wconf 88' lang='lat' dir='ltr'><strong>curn</strong></span> 
     </span>
     <span class='ocr_line' id='line_1_18' title="bbox 185 1822 1195 1911; baseline 0.006 -23"><span class='ocrx_word' id='word_1_135' title='bbox 185 1823 352 1890; x_wconf 79' lang='lat' dir='ltr'><strong>dictitasse</strong></span> <span class='ocrx_word' id='word_1_136' title='bbox 382 1824 491 1911; x_wconf 88' lang='lat' dir='ltr'><strong>priore</strong></span> <span class='ocrx_word' id='word_1_137' title='bbox 523 1824 650 1889; x_wconf 91' lang='lat' dir='ltr'><strong>actione</strong></span> <span class='ocrx_word' id='word_1_138' title='bbox 682 1829 715 1889; x_wconf 91' lang='lat' dir='ltr'><strong>et</strong></span> <span class='ocrx_word' id='word_1_139' title='bbox 746 1822 817 1890; x_wconf 85' lang='lat' dir='ltr'><strong>Sex.</strong></span> <span class='ocrx_word' id='word_1_140' title='bbox 843 1824 1017 1911; x_wconf 88' lang='lat' dir='ltr'><strong>Pompeius</strong></span> <span class='ocrx_word' id='word_1_141' title='bbox 1050 1823 1195 1893; x_wconf 83' lang='lat' dir='ltr'><strong>Chlorus</strong></span> 
     </span>
     <span class='ocr_line' id='line_1_19' title="bbox 99 1912 1195 1997; baseline 0.005 -21"><span class='ocrx_word' id='word_1_142' title='bbox 99 1943 100 1948; x_wconf 41' lang='lat'>¹</span> <span class='ocrx_word' id='word_1_143' title='bbox 185 1912 278 1996; x_wconf 87' lang='lat' dir='ltr'><strong>dixit,</strong></span> <span class='ocrx_word' id='word_1_144' title='bbox 311 1912 349 1978; x_wconf 93' lang='lat' dir='ltr'><strong>de</strong></span> <span class='ocrx_word' id='word_1_145' title='bbox 381 1913 471 1978; x_wconf 90' lang='lat' dir='ltr'><strong>ouius</strong></span> <span class='ocrx_word' id='word_1_146' title='bbox 502 1912 624 1978; x_wconf 82' lang='lat' dir='ltr'><strong>virtute</strong></span> <span class='ocrx_word' id='word_1_147' title='bbox 656 1917 752 1978; x_wconf 84' lang='lat' dir='ltr'><strong>antea</strong></span> <span class='ocrx_word' id='word_1_148' title='bbox 777 1914 1041 1997; x_wconf 87' lang='lat' dir='ltr'><strong>commemoravi,</strong></span> <span class='ocrx_word' id='word_1_149' title='bbox 1073 1919 1107 1980; x_wconf 91' lang='lat' dir='ltr'><strong>et</strong></span> <span class='ocrx_word' id='word_1_150' title='bbox 1135 1915 1195 1982; x_wconf 82' lang='lat' dir='ltr'><strong>On.</strong></span> 
     </span>
     <span class='ocr_line' id='line_1_20' title="bbox 183 1998 1232 2087; baseline -0.003 -21"><span class='ocrx_word' id='word_1_151' title='bbox 183 2000 357 2084; x_wconf 90' lang='lat' dir='ltr'><strong>Pompeius</strong></span> <span class='ocrx_word' id='word_1_152' title='bbox 378 2000 576 2086; x_wconf 84' lang='lat' dir='ltr'><strong>Theodorus,</strong></span> <span class='ocrx_word' id='word_1_153' title='bbox 598 2001 696 2066; x_wconf 89' lang='lat' dir='ltr'><strong>homo</strong></span> <span class='ocrx_word' id='word_1_154' title='bbox 719 2004 752 2066; x_wconf 88' lang='lat' dir='ltr'><strong>et</strong></span> <span class='ocrx_word' id='word_1_155' title='bbox 775 1998 831 2067; x_wconf 82' lang='lat' dir='ltr'><strong>On.</strong></span> <span class='ocrx_word' id='word_1_156' title='bbox 849 2001 993 2087; x_wconf 90' lang='lat' dir='ltr'><strong>Pompei,</strong></span> <span class='ocrx_word' id='word_1_157' title='bbox 1016 2002 1194 2070; x_wconf 81' lang='lat' dir='ltr'><strong>clarissimi</strong></span> <span class='ocrx_word' id='word_1_158' title='bbox 1208 2026 1232 2064; x_wconf 78' lang='lat' dir='ltr'><strong>so</strong></span> 
     </span>
     <span class='ocr_line' id='line_1_21' title="bbox 98 2089 1194 2176; baseline 0.002 -20"><span class='ocrx_word' id='word_1_159' title='bbox 98 2161 100 2173; x_wconf 46' lang='grc'>,</span> <span class='ocrx_word' id='word_1_160' title='bbox 184 2089 256 2172; x_wconf 84' lang='lat' dir='ltr'><strong>viri,</strong></span> <span class='ocrx_word' id='word_1_161' title='bbox 277 2089 395 2154; x_wconf 90' lang='lat' dir='ltr'><strong>iudicio</strong></span> <span class='ocrx_word' id='word_1_162' title='bbox 414 2089 564 2174; x_wconf 87' lang='lat' dir='ltr'><strong>plurimis</strong></span> <span class='ocrx_word' id='word_1_163' title='bbox 588 2089 799 2174; x_wconf 84' lang='lat' dir='ltr'><strong>maximisque</strong></span> <span class='ocrx_word' id='word_1_164' title='bbox 821 2090 856 2154; x_wconf 93' lang='lat' dir='ltr'><strong>in</strong></span> <span class='ocrx_word' id='word_1_165' title='bbox 878 2091 975 2155; x_wconf 87' lang='lat' dir='ltr'><strong>rebus</strong></span> <span class='ocrx_word' id='word_1_166' title='bbox 998 2092 1194 2176; x_wconf 86' lang='lat' dir='ltr'><strong>probatissi-</strong></span> 
     </span>
     <span class='ocr_line' id='line_1_22' title="bbox 184 2177 1194 2263; baseline 0.006 -21"><span class='ocrx_word' id='word_1_167' title='bbox 184 2199 256 2242; x_wconf 89' lang='lat' dir='ltr'><strong>mus</strong></span> <span class='ocrx_word' id='word_1_168' title='bbox 275 2181 308 2242; x_wconf 91' lang='lat' dir='ltr'><strong>et</strong></span> <span class='ocrx_word' id='word_1_169' title='bbox 325 2177 471 2243; x_wconf 89' lang='lat' dir='ltr'><strong>omnium</strong></span> <span class='ocrx_word' id='word_1_170' title='bbox 490 2178 728 2244; x_wconf 86' lang='lat' dir='ltr'><strong>existimatione</strong></span> <span class='ocrx_word' id='word_1_171' title='bbox 746 2179 982 2263; x_wconf 88' lang='lat' dir='ltr'><strong>ornatissimus,</strong></span> <span class='ocrx_word' id='word_1_172' title='bbox 1005 2183 1039 2245; x_wconf 92' lang='lat' dir='ltr'><strong>et</strong></span> <span class='ocrx_word' id='word_1_173' title='bbox 1056 2180 1194 2248; x_wconf 91' lang='lat' dir='ltr'><strong>Posides</strong></span> 
     </span>
     <span class='ocr_line' id='line_1_23' title="bbox 183 2262 1196 2352; baseline 0.004 -21"><span class='ocrx_word' id='word_1_174' title='bbox 183 2265 294 2332; x_wconf 88' lang='lat' dir='ltr'><strong>Macro</strong></span> <span class='ocrx_word' id='word_1_175' title='bbox 326 2262 530 2351; x_wconf 81' lang='lat' dir='ltr'><strong>Soluntinus,</strong></span> <span class='ocrx_word' id='word_1_176' title='bbox 566 2266 664 2331; x_wconf 89' lang='lat' dir='ltr'><strong>homo</strong></span> <span class='ocrx_word' id='word_1_177' title='bbox 701 2288 827 2333; x_wconf 84' lang='lat' dir='ltr'><strong>summa</strong></span> <span class='ocrx_word' id='word_1_178' title='bbox 861 2268 1048 2352; x_wconf 89' lang='lat' dir='ltr'><strong>nobilitate,</strong></span> <span class='ocrx_word' id='word_1_179' title='bbox 1082 2270 1196 2335; x_wconf 90' lang='lat' dir='ltr'><strong>existi-</strong></span> 
     </span>
     <span class='ocr_line' id='line_1_24' title="bbox 184 2353 1196 2442; baseline 0.006 -22"><span class='ocrx_word' id='word_1_180' title='bbox 184 2353 341 2439; x_wconf 90' lang='lat' dir='ltr'><strong>matione,</strong></span> <span class='ocrx_word' id='word_1_181' title='bbox 372 2355 493 2420; x_wconf 84' lang='lat' dir='ltr'><strong>virtute</strong></span> <span class='ocrx_word' id='word_1_182' title='bbox 520 2355 762 2440; x_wconf 87' lang='lat' dir='ltr'><strong>ornatissimus,</strong></span> <span class='ocrx_word' id='word_1_183' title='bbox 790 2359 823 2420; x_wconf 91' lang='lat' dir='ltr'><strong>et</strong></span> <span class='ocrx_word' id='word_1_184' title='bbox 849 2356 910 2422; x_wconf 88' lang='lat' dir='ltr'><strong>hac</strong></span> <span class='ocrx_word' id='word_1_185' title='bbox 939 2357 1065 2423; x_wconf 83' lang='lat' dir='ltr'><strong>actione</strong></span> <span class='ocrx_word' id='word_1_186' title='bbox 1093 2378 1196 2442; x_wconf 80' lang='lat' dir='ltr'><strong>quam</strong></span> 
     </span>
     <span class='ocr_line' id='line_1_25' title="bbox 185 2443 1235 2530; baseline -0.001 -23"><span class='ocrx_word' id='word_1_187' title='bbox 185 2443 302 2508; x_wconf 86' lang='lat' dir='ltr'><strong>voletis</strong></span> <span class='ocrx_word' id='word_1_188' title='bbox 334 2444 432 2508; x_wconf 84' lang='lat' dir='ltr'><strong>multi</strong></span> <span class='ocrx_word' id='word_1_189' title='bbox 463 2444 582 2528; x_wconf 90' lang='lat' dir='ltr'><strong>dicent,</strong></span> <span class='ocrx_word' id='word_1_190' title='bbox 615 2447 648 2509; x_wconf 88' lang='lat' dir='ltr'><strong>et</strong></span> <span class='ocrx_word' id='word_1_191' title='bbox 680 2443 736 2528; x_wconf 90' lang='lat' dir='ltr'><strong>qui</strong></span> <span class='ocrx_word' id='word_1_192' title='bbox 763 2465 802 2508; x_wconf 86' lang='lat' dir='ltr'><strong>ex</strong></span> <span class='ocrx_word' id='word_1_193' title='bbox 828 2443 892 2509; x_wconf 89' lang='lat' dir='ltr'><strong>isto</strong></span> <span class='ocrx_word' id='word_1_194' title='bbox 919 2443 992 2530; x_wconf 86' lang='lat' dir='ltr'><strong>ipso</strong></span> <span class='ocrx_word' id='word_1_195' title='bbox 1020 2445 1195 2514; x_wconf 89' lang='lat' dir='ltr'><strong>audierunt</strong></span> <span class='ocrx_word' id='word_1_196' title='bbox 1210 2467 1235 2507; x_wconf 75' lang='lat' dir='ltr'><strong>so</strong></span> 
     </span>
     <span class='ocr_line' id='line_1_26' title="bbox 97 2531 1195 2621; baseline 0.005 -25"><span class='ocrx_word' id='word_1_197' title='bbox 97 2569 104 2610; x_wconf 62' lang='grc' dir='ltr'><strong>ι,</strong></span> <span class='ocrx_word' id='word_1_198' title='bbox 184 2531 247 2596; x_wconf 81' lang='lat' dir='ltr'><strong>riri</strong></span> <span class='ocrx_word' id='word_1_199' title='bbox 273 2531 422 2615; x_wconf 87' lang='lat' dir='ltr'><strong>primarii</strong></span> <span class='ocrx_word' id='word_1_200' title='bbox 447 2533 554 2598; x_wconf 91' lang='lat' dir='ltr'><strong>nostri</strong></span> <span class='ocrx_word' id='word_1_201' title='bbox 580 2532 701 2597; x_wconf 89' lang='lat' dir='ltr'><strong>ordinis</strong></span> <span class='ocrx_word' id='word_1_202' title='bbox 727 2532 853 2616; x_wconf 86' lang='lat' dir='ltr'><strong>etalii,</strong></span> <span class='ocrx_word' id='word_1_203' title='bbox 881 2534 937 2617; x_wconf 90' lang='lat' dir='ltr'><strong>qui</strong></span> <span class='ocrx_word' id='word_1_204' title='bbox 964 2533 1195 2621; x_wconf 87' lang='lat' dir='ltr'><strong>interfuerunt,</strong></span> 
     </span>
     <span class='ocr_line' id='line_1_27' title="bbox 184 2620 1194 2708; baseline 0.006 -23"><span class='ocrx_word' id='word_1_205' title='bbox 184 2642 257 2685; x_wconf 91' lang='lat' dir='ltr'><strong>cum</strong></span> <span class='ocrx_word' id='word_1_206' title='bbox 278 2620 422 2686; x_wconf 86' lang='lat' dir='ltr'><strong>absentis</strong></span> <span class='ocrx_word' id='word_1_207' title='bbox 440 2642 560 2686; x_wconf 90' lang='lat' dir='ltr'><strong>nomen</strong></span> <span class='ocrx_word' id='word_1_208' title='bbox 577 2621 783 2704; x_wconf 87' lang='lat' dir='ltr'><strong>reciperetur.</strong></span> <span class='ocrx_word' id='word_1_209' title='bbox 819 2621 943 2686; x_wconf 90' lang='lat' dir='ltr'><strong>Deinde</strong></span> <span class='ocrx_word' id='word_1_210' title='bbox 961 2621 1094 2708; x_wconf 88' lang='lat' dir='ltr'><strong>Romae,</strong></span> <span class='ocrx_word' id='word_1_211' title='bbox 1117 2647 1194 2691; x_wconf 89' lang='lat' dir='ltr'><strong>cnm</strong></span> 
     </span>
     <span class='ocr_line' id='line_1_28' title="bbox 185 2709 1194 2792; baseline 0.006 -19"><span class='ocrx_word' id='word_1_212' title='bbox 185 2713 258 2775; x_wconf 85' lang='lat' dir='ltr'><strong>acta</strong></span> <span class='ocrx_word' id='word_1_213' title='bbox 289 2731 341 2774; x_wconf 89' lang='lat' dir='ltr'><strong>res</strong></span> <span class='ocrx_word' id='word_1_214' title='bbox 373 2709 409 2775; x_wconf 91' lang='lat' dir='ltr'><strong>in</strong></span> <span class='ocrx_word' id='word_1_215' title='bbox 436 2713 551 2775; x_wconf 89' lang='lat' dir='ltr'><strong>senatu</strong></span> <span class='ocrx_word' id='word_1_216' title='bbox 578 2712 642 2792; x_wconf 88' lang='lat' dir='ltr'><strong>est,</strong></span> <span class='ocrx_word' id='word_1_217' title='bbox 674 2730 785 2774; x_wconf 90' lang='lat' dir='ltr'><strong>omnes</strong></span> <span class='ocrx_word' id='word_1_218' title='bbox 812 2709 907 2774; x_wconf 92' lang='lat' dir='ltr'><strong>istius</strong></span> <span class='ocrx_word' id='word_1_219' title='bbox 936 2711 1046 2792; x_wconf 89' lang='lat' dir='ltr'><strong>amici,</strong></span> <span class='ocrx_word' id='word_1_220' title='bbox 1076 2712 1112 2777; x_wconf 90' lang='lat' dir='ltr'><strong>in</strong></span> <span class='ocrx_word' id='word_1_221' title='bbox 1138 2714 1194 2779; x_wconf 87' lang='lat' dir='ltr'><strong>his</strong></span> 
     </span>
     <span class='ocr_line' id='line_1_29' title="bbox 184 2796 1194 2886; baseline 0.005 -24"><span class='ocrx_word' id='word_1_222' title='bbox 184 2797 283 2864; x_wconf 88' lang='lat' dir='ltr'><strong>etiam</strong></span> <span class='ocrx_word' id='word_1_223' title='bbox 316 2802 410 2883; x_wconf 89' lang='lat' dir='ltr'><strong>pater</strong></span> <span class='ocrx_word' id='word_1_224' title='bbox 439 2799 507 2864; x_wconf 91' lang='lat' dir='ltr'><strong>eius</strong></span> <span class='ocrx_word' id='word_1_225' title='bbox 538 2797 601 2862; x_wconf 92' lang='lat' dir='ltr'><strong>hoc</strong></span> <span class='ocrx_word' id='word_1_226' title='bbox 633 2796 825 2863; x_wconf 85' lang='lat' dir='ltr'><strong>defendebat</strong></span> <span class='ocrx_word' id='word_1_227' title='bbox 854 2799 951 2864; x_wconf 91' lang='lat' dir='ltr'><strong>licere</strong></span> <span class='ocrx_word' id='word_1_228' title='bbox 978 2799 1063 2884; x_wconf 86' lang='lat' dir='ltr'><strong>fieri;</strong></span> <span class='ocrx_word' id='word_1_229' title='bbox 1094 2822 1194 2886; x_wconf 84' lang='lat' dir='ltr'><strong>saepe</strong></span> 
     </span>
     <span class='ocr_line' id='line_1_30' title="bbox 184 2884 1236 2972; baseline 0 -21"><span class='ocrx_word' id='word_1_230' title='bbox 184 2907 254 2953; x_wconf 85' lang='lat' dir='ltr'><strong>esse</strong></span> <span class='ocrx_word' id='word_1_231' title='bbox 276 2886 414 2970; x_wconf 71' lang='lat' dir='ltr'><strong>iactum,</strong></span> <span class='ocrx_word' id='word_1_232' title='bbox 442 2886 505 2950; x_wconf 87' lang='lat' dir='ltr'><strong>iste</strong></span> <span class='ocrx_word' id='word_1_233' title='bbox 529 2885 615 2970; x_wconf 93' lang='lat' dir='ltr'><strong>quod</strong></span> <span class='ocrx_word' id='word_1_234' title='bbox 636 2884 782 2970; x_wconf 83' lang='lat' dir='ltr'><strong>fecisset,</strong></span> <span class='ocrx_word' id='word_1_235' title='bbox 808 2887 947 2952; x_wconf 86' lang='lat' dir='ltr'><strong>aliorum</strong></span> <span class='ocrx_word' id='word_1_236' title='bbox 970 2889 1118 2972; x_wconf 89' lang='lat' dir='ltr'><strong>exemplo</strong></span> <span class='ocrx_word' id='word_1_237' title='bbox 1142 2891 1194 2956; x_wconf 92' lang='lat' dir='ltr'><strong>in-</strong></span> <span class='ocrx_word' id='word_1_238' title='bbox 1209 2913 1236 2951; x_wconf 82' lang='lat' dir='ltr'><strong>ao</strong></span> 
     </span>
     <span class='ocr_line' id='line_1_31' title="bbox 132 2973 1194 3060; baseline 0.005 -20"><span class='ocrx_word' id='word_1_239' title='bbox 132 2985 181 3034; x_wconf 87' lang='lat'><strong>103</strong></span> <span class='ocrx_word' id='word_1_240' title='bbox 202 2976 381 3060; x_wconf 89' lang='lat' dir='ltr'><strong>stitutoque</strong></span> <span class='ocrx_word' id='word_1_241' title='bbox 405 2973 528 3040; x_wconf 86' lang='lat' dir='ltr'><strong>fecisse.</strong></span> <span class='ocrx_word' id='word_1_242' title='bbox 568 2973 657 3039; x_wconf 88' lang='lat' dir='ltr'><strong>Dicit</strong></span> <span class='ocrx_word' id='word_1_243' title='bbox 679 2979 848 3059; x_wconf 87' lang='lat' dir='ltr'><strong>praeterea</strong></span> <span class='ocrx_word' id='word_1_244' title='bbox 872 2977 1095 3042; x_wconf 89' lang='lat' dir='ltr'><strong>testimonium</strong></span> <span class='ocrx_word' id='word_1_245' title='bbox 1117 2981 1194 3045; x_wconf 86' lang='lat' dir='ltr'><strong>tota</strong></span> 
     </span>
     <span class='ocr_line' id='line_1_32' title="bbox 184 3061 1193 3149; baseline 0.005 -21"><span class='ocrx_word' id='word_1_246' title='bbox 184 3061 303 3149; x_wconf 88' lang='lat' dir='ltr'><strong>Sicilia,</strong></span> <span class='ocrx_word' id='word_1_247' title='bbox 326 3063 461 3148; x_wconf 89' lang='lat' dir='ltr'><strong>quaein</strong></span> <span class='ocrx_word' id='word_1_248' title='bbox 484 3062 708 3128; x_wconf 88' lang='lat' dir='ltr'><strong>communibus</strong></span> <span class='ocrx_word' id='word_1_249' title='bbox 730 3064 907 3147; x_wconf 87' lang='lat' dir='ltr'><strong>postulatis</strong></span> <span class='ocrx_word' id='word_1_250' title='bbox 930 3065 1101 3131; x_wconf 86' lang='lat' dir='ltr'><strong>civitatum</strong></span> <span class='ocrx_word' id='word_1_251' title='bbox 1124 3088 1193 3133; x_wconf 88' lang='lat' dir='ltr'><strong>om-</strong></span> 
     </span>
     <span class='ocr_line' id='line_1_33' title="bbox 182 3150 1194 3238; baseline 0.006 -21"><span class='ocrx_word' id='word_1_252' title='bbox 182 3153 274 3218; x_wconf 91' lang='lat' dir='ltr'><strong>nium</strong></span> <span class='ocrx_word' id='word_1_253' title='bbox 292 3151 478 3216; x_wconf 88' lang='lat' dir='ltr'><strong>consulibus</strong></span> <span class='ocrx_word' id='word_1_254' title='bbox 498 3150 607 3235; x_wconf 89' lang='lat' dir='ltr'><strong>edidit,</strong></span> <span class='ocrx_word' id='word_1_255' title='bbox 625 3172 742 3238; x_wconf 80' lang='lat' dir='ltr'><strong>rogare</strong></span> <span class='ocrx_word' id='word_1_256' title='bbox 760 3155 856 3237; x_wconf 83' lang='lat' dir='ltr'><strong>atque</strong></span> <span class='ocrx_word' id='word_1_257' title='bbox 876 3174 968 3219; x_wconf 88' lang='lat' dir='ltr'><strong>orare</strong></span> <span class='ocrx_word' id='word_1_258' title='bbox 987 3157 1097 3237; x_wconf 88' lang='lat' dir='ltr'><strong>patres</strong></span> <span class='ocrx_word' id='word_1_259' title='bbox 1116 3177 1194 3222; x_wconf 91' lang='lat' dir='ltr'><strong>con-</strong></span> 
     </span>
     <span class='ocr_line' id='line_1_34' title="bbox 183 3240 1193 3329; baseline 0.006 -25"><span class='ocrx_word' id='word_1_260' title='bbox 183 3240 336 3323; x_wconf 89' lang='lat' dir='ltr'><strong>scriptos,</strong></span> <span class='ocrx_word' id='word_1_261' title='bbox 363 3242 400 3303; x_wconf 90' lang='lat' dir='ltr'><strong>ut</strong></span> <span class='ocrx_word' id='word_1_262' title='bbox 425 3241 619 3324; x_wconf 84' lang='lat' dir='ltr'><strong>statuerent,</strong></span> <span class='ocrx_word' id='word_1_263' title='bbox 645 3262 687 3305; x_wconf 89' lang='lat' dir='ltr'><strong>ne</strong></span> <span class='ocrx_word' id='word_1_264' title='bbox 710 3241 893 3306; x_wconf 88' lang='lat' dir='ltr'><strong>absentium</strong></span> <span class='ocrx_word' id='word_1_265' title='bbox 916 3243 1050 3308; x_wconf 88' lang='lat' dir='ltr'><strong>nomina</strong></span> <span class='ocrx_word' id='word_1_266' title='bbox 1072 3243 1193 3329; x_wconf 81' lang='lat' dir='ltr'><strong>recipe</strong></span> 
     </span>
     <span class='ocr_line' id='line_1_35' title="bbox 182 3325 1234 3418; baseline 0.004 -26"><span class='ocrx_word' id='word_1_267' title='bbox 182 3332 303 3392; x_wconf 92' lang='lat' dir='ltr'><strong>rentur.</strong></span> <span class='ocrx_word' id='word_1_268' title='bbox 345 3325 415 3402; x_wconf 83' lang='lat' dir='ltr'><strong>Qua</strong></span> <span class='ocrx_word' id='word_1_269' title='bbox 443 3327 481 3392; x_wconf 91' lang='lat' dir='ltr'><strong>de</strong></span> <span class='ocrx_word' id='word_1_270' title='bbox 505 3349 539 3393; x_wconf 91' lang='lat' dir='ltr'><strong>re</strong></span> <span class='ocrx_word' id='word_1_271' title='bbox 563 3326 620 3393; x_wconf 81' lang='lat' dir='ltr'><strong>Gn.</strong></span> <span class='ocrx_word' id='word_1_272' title='bbox 638 3328 825 3413; x_wconf 88' lang='lat' dir='ltr'><strong>Lentulum,</strong></span> <span class='ocrx_word' id='word_1_273' title='bbox 852 3334 1028 3414; x_wconf 85' lang='lat' dir='ltr'><strong>patronum</strong></span> <span class='ocrx_word' id='word_1_274' title='bbox 1052 3329 1192 3418; x_wconf 87' lang='lat' dir='ltr'><strong>Siciliae,</strong></span> <span class='ocrx_word' id='word_1_275' title='bbox 1209 3356 1234 3396; x_wconf 79' lang='lat' dir='ltr'><strong>es</strong></span> 
     </span>
     <span class='ocr_line' id='line_1_36' title="bbox 182 3413 1192 3505; baseline 0.008 -25"><span class='ocrx_word' id='word_1_276' title='bbox 182 3413 399 3480; x_wconf 88' lang='lat' dir='ltr'><strong>clarissimum</strong></span> <span class='ocrx_word' id='word_1_277' title='bbox 414 3415 662 3501; x_wconf 85' lang='lat' dir='ltr'><strong>adulescentem,</strong></span> <span class='ocrx_word' id='word_1_278' title='bbox 681 3418 785 3482; x_wconf 89' lang='lat' dir='ltr'><strong>dicere</strong></span> <span class='ocrx_word' id='word_1_279' title='bbox 800 3417 945 3504; x_wconf 86' lang='lat' dir='ltr'><strong>audistis,</strong></span> <span class='ocrx_word' id='word_1_280' title='bbox 963 3418 1098 3505; x_wconf 87' lang='lat' dir='ltr'><strong>Siculos,</strong></span> <span class='ocrx_word' id='word_1_281' title='bbox 1118 3443 1192 3488; x_wconf 89' lang='lat' dir='ltr'><strong>cum</strong></span> 
     </span>
     <span class='ocr_line' id='line_1_37' title="bbox 182 3505 1192 3596; baseline 0.01 -30"><span class='ocrx_word' id='word_1_282' title='bbox 182 3523 216 3566; x_wconf 91' lang='lat' dir='ltr'><strong>se</strong></span> <span class='ocrx_word' id='word_1_283' title='bbox 240 3521 379 3583; x_wconf 89' lang='lat' dir='ltr'><strong>causam,</strong></span> <span class='ocrx_word' id='word_1_284' title='bbox 403 3525 484 3586; x_wconf 85' lang='lat' dir='ltr'><strong>quae</strong></span> <span class='ocrx_word' id='word_1_285' title='bbox 507 3505 570 3570; x_wconf 86' lang='lat' dir='ltr'><strong>sibi</strong></span> <span class='ocrx_word' id='word_1_286' title='bbox 592 3506 627 3570; x_wconf 93' lang='lat' dir='ltr'><strong>in</strong></span> <span class='ocrx_word' id='word_1_287' title='bbox 650 3509 765 3570; x_wconf 87' lang='lat' dir='ltr'><strong>senatu</strong></span> <span class='ocrx_word' id='word_1_288' title='bbox 787 3528 847 3588; x_wconf 88' lang='lat' dir='ltr'><strong>pro</strong></span> <span class='ocrx_word' id='word_1_289' title='bbox 871 3505 922 3570; x_wconf 89' lang='lat' dir='ltr'><strong>his</strong></span> <span class='ocrx_word' id='word_1_290' title='bbox 946 3509 1073 3594; x_wconf 85' lang='lat' dir='ltr'><strong>agenda</strong></span> <span class='ocrx_word' id='word_1_291' title='bbox 1096 3518 1192 3596; x_wconf 89' lang='lat' dir='ltr'><strong>esset,</strong></span> 
     </span>
    </p>
   </div>
   <div class='ocr_carea' id='block_1_3' title="bbox 0 0 1292 3876">
    <p class='ocr_par' dir='ltr' id='par_1_3' title="bbox 0 0 1292 3876">
     <span class='ocr_line' id='line_1_38' title="bbox 0 0 1292 3876; baseline 0 0"><span class='ocrx_word' id='word_1_292' title='bbox 0 0 1292 3876; x_wconf 95' lang='lat' dir='ltr'><strong> </strong></span> 
     </span>
    </p>
   </div>
  </div>
 </body>
</html>
