2504 3876
339 191 447 248 1111
479 191 558 248 111.
577 198 646 248 1-1
666 197 681 258 s
701 199 812 249 11-11.
1016 195 1082 260 435

73 359 179 405 cerem
215 337 319 403 conici
354 337 454 402 iubet.
503 335 653 403 Clamare
689 337 759 420 illc,
795 359 868 402 eum
904 344 1084 424 raperetur,

8 459 9 496 ;
71 427 157 492 nihil
180 447 214 491 se
237 426 392 491 miserum
414 424 543 510 fecisse,
569 425 654 490 nihil
676 425 891 511 commisisse,
912 428 1083 512 pecuniam

74 515 138 580 sibi
157 535 226 579 esse
249 514 285 578 in
306 513 503 598 nominibus,
524 517 729 579 numeratam
751 513 786 578 in
808 516 994 597 praesentia
1015 539 1083 582 non

7 639 9 676 2
72 605 202 669 habere.
252 601 342 666 Hace
378 613 452 666 cum
488 601 628 666 maxime
661 623 788 666 summa
819 603 988 669 hominum
1019 604 1083 670 fre-

7 729 8 764 1
39 713 57 754 1
74 691 208 777 quentia
220 690 460 773 testificaretur,
478 693 516 754 ut
535 689 639 773 quivis
658 689 850 774 intellegere
868 697 980 774 posset
1000 715 1085 777 eum,

7 817 9 856 ;
74 780 161 865 quod
185 778 356 864 pecuniam
378 798 446 843 non
468 777 623 860 dedisset,
649 777 768 842 idcirco
791 777 942 844 illatam
966 783 1082 847 acerba

72 868 193 933 iniuria
222 866 309 932 affici
335 901 380 912 —
407 887 479 931 cum
509 865 662 950 maxime,
693 869 731 930 ut
758 865 842 950 dico,
873 867 936 932 hoc
964 868 1002 933 de
1029 892 1082 954 pe-

6 1021 7 1036 ,
73 956 169 1023 cunia
192 956 362 1038 clamaret,
385 954 420 1018 in
441 953 549 1019 vincla
572 953 735 1018 coniectus
759 957 817 1018 est.

6 1087 8 1124 3
140 1044 258 1109 Videte
290 1042 508 1108 constantiam
539 1042 715 1126 praetoris,
746 1044 780 1106 11
812 1042 880 1107 1111
912 1045 1083 1129 praetoris,
1102 1019 1138 1145 ξ,

24 1134 131 1218 requi
162 1133 198 1196 in
228 1132 280 1196 his
312 1131 410 1196 rebus
440 1151 508 1194 non
537 1130 586 1195 ita
614 1129 818 1213 defendatur,
848 1135 886 1196 ut
914 1131 1083 1198 mediocris

6 1265 7 1270 κ
74 1225 217 1307 praetor,
234 1219 291 1286 ssd
308 1219 356 1283 ita
375 1217 533 1302 laudetur,
555 1221 593 1282 ut
612 1217 755 1303 optimus
774 1217 960 1302 imperator.
1001 1219 1083 1285 Cum

75 1329 244 1375 servorum
270 1306 396 1372 bellum
423 1310 634 1389 metueretur,
661 1328 726 1390 quo
753 1306 911 1390 supplicio
935 1308 1083 1373 dominos

5 1461 6 1480 ,
73 1397 280 1463 indemnatos
300 1394 480 1479 adficiebat,
502 1394 565 1460 hoc
583 1415 695 1460 servos
714 1393 884 1460 damnatos
907 1395 1083 1480 liberabat3

75 1484 300 1570 Apollonium,
317 1483 483 1548 hominem
502 1482 803 1567 locupletissimum,
822 1482 886 1567 qui,
905 1484 934 1548 si
951 1484 1083 1571 fugitivi

28 1574 200 1638 rebellum
218 1572 253 1636 in
271 1568 382 1636 Sicilia
399 1569 552 1653 facerent,
575 1570 796 1654 amplissimas
816 1570 966 1636 fortunas
990 1573 1083 1638 amit

75 1665 170 1744 teret,
188 1658 269 1724 belli
286 1658 501 1744 fugitivorum
519 1658 649 1723 nomine
667 1658 790 1724 indicta
808 1681 905 1724 causa
923 1653 959 1724 in
976 1661 1084 1726 vincla

76 1749 228 1831 coniecit,
246 1768 365 1831 111111,
384 1767 465 1830 quos
479 1747 549 1830 ipse
563 1746 602 1810 de
617 1747 743 1811 consilii
757 1747 919 1811 sententia
936 1748 1017 1812 belli
1034 1749 1083 1812 fs-

76 1837 180 1903 ciendi
188 1835 494 1902 causaconsensisse
503 1833 667 1918 iudicavit,
675 1855 730 1899 eos
741 1834 809 1898 sine
820 1834 948 1899 consilii
959 1840 1083 1900 senten-

75 1927 124 1990 tia
138 1948 196 1990 sua
209 1927 324 2009 sponte
337 1923 426 1988 omni
439 1923 598 2008 supplicio
612 1921 773 1987 liberavit
798 1921 902 1997 Quid?
918 1922 946 1988 si
961 1924 1083 2008 aliquid
1103 1939 1136 1988 19

28 2037 58 2075 11
77 2015 119 2078 ab
138 2013 316 2098 Apollonio
345 2011 553 2077 commissum
581 2014 644 2094 est,
672 2032 769 2093 quam
795 2011 837 2075 ob
860 2032 929 2075 rem
951 2011 987 2076 in
1010 2034 1083 2078 eum

76 2103 146 2167 iure
165 2100 485 2182 animadverteretur,
508 2102 659 2162 tamenne
677 2099 763 2163 hanc
780 2121 849 2162 rem
871 2099 917 2164 sic
940 2120 1084 2186 agemus,

75 2195 114 2256 ut
134 2189 263 2256 crimini
286 2193 343 2253 aut
364 2187 504 2251 invidiae
527 2208 582 2251 reo
606 2190 756 2272 putemus
780 2208 850 2252 csse
872 2192 1032 2272 oportere,
1055 2190 1084 2253 si

76 2301 141 2363 quo
161 2279 200 2343 de
222 2276 353 2343 homine
377 2275 520 2340 severius
543 2274 754 2339 iudicaverit?
795 2273 871 2339 Non
895 2297 991 2361 agam
1014 2280 1083 2341 tam

77 2367 205 2448 acerbe,
240 2387 307 2430 non
340 2367 415 2428 utar
446 2363 512 2427 ista
543 2363 744 2428 accusatoria
775 2365 1019 2450 consuetudine,
1056 2367 1083 2430 si

29 2475 60 2516 as
77 2454 155 2539 quid
183 2452 382 2518 estfactum
410 2452 598 2535 clementer,
627 2455 664 2515 ut
691 2450 848 2516 dissolute
873 2451 998 2517 factum
1026 2454 1084 2518 111-

77 2542 194 2625 miner,
221 2541 250 2605 si
277 2540 355 2624 quid
381 2539 579 2605 vindicatum
607 2542 658 2604 est
680 2560 803 2623 111111,
829 2543 867 2604 ut
890 2561 928 2604 ex
952 2563 989 2605 eo
1013 2563 1083 2606 cru-

78 2629 223 2695 delitatis
250 2627 406 2693 invidiam
434 2627 596 2712 colligam.
642 2625 717 2692 Non
740 2649 838 2713 agam
860 2628 925 2693 ista
948 2629 1084 2711 ratione,

76 2723 136 2783 tua
150 2738 266 2801 sequar
278 2715 405 2800 iudicia,
423 2719 514 2780 tuam
534 2714 702 2780 defendam
721 2715 958 2799 auctoritatem,
977 2717 1083 2799 quoad

77 2809 116 2871 tu
134 2805 238 2888 voles,
261 2804 358 2868 simul
376 2826 414 2869 11
432 2807 503 2868 tute
521 2804 664 2887 coeperis
683 2806 741 2869 tua
758 2803 876 2868 iudicia
894 2803 1083 2888 rescindere,

31 2917 62 2958 so
77 2892 160 2960 mihi
187 2913 371 2957 suscensere
400 2892 552 2975 desinite,
581 2912 653 2956 meo
680 2891 750 2955 iure
778 2891 863 2955 enim
891 2890 1083 2955 contendam

78 3005 161 3066 cum,
185 2980 240 3064 qui
259 3001 318 3045 suo
335 2979 453 3044 iudicio
472 2980 644 3044 damnatus
664 2979 716 3061 sit,
738 2979 919 3042 iuratorum
942 2978 1083 3043 iudicum

78 3069 249 3136 sententiis
273 3067 419 3133 damnari
442 3071 600 3151 oportere.
641 3065 717 3131 Non
740 3065 909 3130 defendam
927 3065 1083 3149 Apolloni
1102 3079 1135 3130 11

78 3181 222 3242 causam,
246 3155 342 3222 amici
365 3158 462 3239 atque
485 3155 625 3240 hospitis
648 3153 724 3237 mei,
751 3174 791 3217 ne
814 3157 907 3217 tuum
929 3153 1083 3219 iudicium

78 3247 190 3312 videar
205 3244 399 3328 rescindere3
417 3243 499 3308 nihil
518 3243 557 3307 dc
575 3241 716 3306 hominis
734 3240 934 3326 frugalitate,
952 3241 1083 3324 1111111,

34 3356 63 3398 ss
80 3335 250 3420 diligentia
277 3332 396 3416 dicam3
422 3330 682 3416 praetermittam
709 3329 792 3393 illud
817 3328 929 3414 etiam,
957 3330 996 3395 de
1020 3352 1082 3413 quo

80 3427 155 3488 ante
178 3421 253 3505 dixi,
276 3421 426 3486 fortunas
449 3419 517 3485 eius
540 3420 588 3483 ita
611 3417 804 3482 constitutas
827 3418 927 3483 fuisse
949 3418 1083 3504 familia,

79 3531 207 3598 pecore,
234 3508 336 3593 villis,
363 3507 506 3593 pecuniis
531 3506 675 3590 creditis,
700 3511 737 3572 ut
758 3507 880 3571 nemini
902 3506 1009 3572 minus
1033 3530 1083 3572 ex·
1172 3566 1176 3574 .
1242 3501 1243 3560 ἕ

816 3611 871 3664 28*
