2600 3878
356 181 424 237 ΗΒ.
442 182 482 238 ΠΙ
513 182 591 239 car.
609 189 714 241 eo-ae
733 190 749 252 s
767 191 881 244 aa-ae.
1059 187 1124 254 305

180 324 264 401 Quid
286 327 385 392 vero?
409 349 429 392 a
447 326 667 412 Tissensibus,
689 351 850 414 perparva
873 353 910 397 ac
932 331 1023 396 tenui
1046 303 1176 431 civi-{2

112 416 196 497 tate,
229 414 286 479 sed
317 415 501 482 aratoribus
534 417 799 483 laboriosissimis
826 417 1122 505 frugalissimisque

112 501 312 588 hominibus,
344 525 450 570 nonne
477 505 551 591 plus
578 505 661 570 lucri
686 507 817 573 nornine
844 509 994 593 eripitur,
1024 531 1122 593 quam

113 594 271 674 quantum
290 592 421 658 omnino
444 592 601 658 frumenti
622 595 815 660 exararant?
841 596 882 660 ed
904 599 1046 680 questu
1069 598 1122 662 de-

85 694 286 746 bcumanum
308 680 509 766 Diognetum
527 681 702 747 Venerium
725 683 852 768 misisti,
874 706 996 750 novum
1019 706 1121 771 genus

112 768 288 852 publicani.
327 767 392 834 Our
410 770 472 835 hoc
496 775 627 836 auctore
649 792 716 836 non
737 771 861 837 Romae
885 794 1013 857 quoque
1036 774 1122 839 servi

112 856 237 940 publici
264 857 305 922 ad
331 857 507 944 vectigalia
535 858 712 924 accedunt?
760 859 856 924 Anno
886 861 1024 926 secundo
1052 861 1122 926 lis·

113 965 223 1010 senses
241 941 298 1009 HS
317 948 380 1012 Χῖι
397 947 480 1012 lucri
500 946 576 1012 dare
598 951 760 1034 cogrmtur
781 948 890 1033 inviti3
912 949 1012 1014 tertio
1036 971 1121 1015 anno

111 1034 167 1098 {11—
192 1033 278 1099 mod.
299 1035 402 1100 tritici
433 1035 516 1101 lucri
546 1034 711 1121 Diogneto
736 1035 877 1102 Venerio
908 1037 985 1102 dare
1017 1039 1122 1103 coacti

70 1136 98 1175 ¹0
113 1124 199 1187 sunt.
247 1121 311 1187 Hic
341 1124 538 1209 Diognetus,
575 1124 631 1208 qui
665 1147 704 1188 ex
734 1125 873 1210 publicis
904 1125 1121 1212 vectigalibus

111 1213 208 1275 tanta
225 1210 317 1276 lucra
333 1211 422 1294 facit,
440 1211 597 1277 vicarium
614 1212 742 1278 nullum
760 1212 870 1297 habet,
886 1213 970 1277 nihil
989 1214 1120 1279 omnino

111 1297 240 1384 peculii.
279 1298 349 1365 Vos
372 1300 471 1364 etiam
493 1322 579 1366 nunc
602 1301 761 1384 dubitate,
785 1301 813 1366 si
835 1302 988 1386 potestis,
1011 1305 1121 1367 utrum

111 1390 242 1451 tantum
259 1409 430 1453 numerum
452 1388 554 1454 tritici
567 1387 726 1454 Venerius
749 1389 917 1475 apparitor
938 1390 1034 1455 istius
1057 1390 1121 1454 sibi

112 1475 274 1561 acceperit
305 1498 347 1542 an
376 1475 451 1542 huic
478 1477 631 1563 exegerit.
680 1476 789 1562 Atque
815 1478 898 1543 haec
924 1499 963 1542 ex
989 1478 1120 1564 publico
1140 1489 1173 1539 8⁷

69 1577 97 1618 ¹⁵
112 1562 313 1630 'lissensium
340 1565 530 1630 testimonio
552 1565 747 1650 cognoscite.
796 1565 1042 1632 Tasrrnonrun
1064 1585 1122 1632 Pu·

109 1669 244 1718 anrcun
276 1653 492 1720 T1ssnns1un.
535 1651 691 1737 Obscura,
722 1653 857 1738 iudicas,
888 1658 1020 1738 praetor
1050 1654 1121 1739 ipse

112 1740 308 1806 decumanus
340 1745 403 1826 est,
435 1763 508 1808 cum
540 1741 609 1806 eius
641 1741 843 1826 apparitores
874 1741 1074 1807 frumentum
1102 1765 1122 1808 a

112 1827 300 1894 civitatibus
322 1830 463 1916 exigant,
486 1828 639 1915 pecunias
662 1829 832 1914 imperent,
855 1830 1023 1914 aliquanto
1046 1830 1121 1915 plus

110 1916 177 2002 ipsi
208 1918 290 1983 lucri
320 1918 482 2002 auferant,
514 1939 610 2001 quam
639 1920 796 2001 quantum
823 1919 945 2002 populo
972 1917 1120 1984 Romano

68 2018 98 2060 80
112 2005 320 2071 decumarum
338 2006 469 2072 nomine
487 2006 595 2071 daturi
612 2005 693 2070 sintl
728 2005 818 2071 Haec
837 2005 983 2090 aequitas
1005 2007 1042 2071 in
1062 2008 1120 2072 tuo

111 2092 249 2179 imperio
262 2094 336 2178 fuit,
350 2095 431 2160 haec
444 2095 604 2180 praetoris
619 2093 772 2180 dignitas,
789 2097 827 2158 ut
846 2115 955 2160 servos
962 2094 1121 2161 Venerios

112 2179 296 2248 Siculorum
319 2183 466 2248 dominos
490 2204 560 2248 esse
582 2182 699 2266 velles3
722 2181 776 2248 hic
799 2181 949 2267 dilectus,
970 2183 1033 2249 hoc
1056 2183 1121 2248 dis-

112 2269 236 2335 crimen
271 2275 305 2335 te
340 2275 490 2356 praetore
525 2270 602 2354 fuit,
636 2274 673 2335 ut
708 2275 854 2336 aratores
885 2269 921 2334 in
953 2292 1120 2337 servorum

111 2379 247 2423 numero
271 2364 392 2443 essent,
415 2359 502 2425 servi
522 2358 559 2423 in
579 2358 835 2443 publicanorum.

68 2458 97 2502 2⁵
180 2446 286 2524 Quid?
331 2447 547 2512 Amestratini
577 2446 688 2510 miseri
718 2441 881 2531 impositis
912 2445 961 2512 ita
991 2446 1120 2533 magnis
1130 2414 1174 2542 {2

112 2534 269 2619 decumis,
300 2539 338 2600 ut
368 2536 449 2620 ipsis
481 2534 599 2618 reliqui
628 2533 711 2598 nibil
740 2535 846 2619 fieret,
877 2556 983 2600 nonne
1009 2539 1120 2600 tamen

110 2644 283 2688 numerare
304 2623 457 2709 pecunias
479 2622 584 2688 coacti
607 2623 706 2687 sunt?
742 2623 946 2689 Addicuntur
969 2623 1120 2689 decumae

111 2709 156 2775 M
179 2709 307 2795 (laesio,
339 2733 412 2776 cum
444 2711 594 2777 adessent
620 2711 725 2796 legati
745 2710 975 2793 Amestratini,
1007 2711 1120 2775 statim

110 2798 241 2885 cogitur
267 2799 438 2865 Heraclius
466 2801 595 2886 legatus
622 2820 792 2864 numerare
818 2797 875 2883 HS
901 2800 989 2864 iffi.
1037 2798 1120 2874 Quid

67 2902 98 2943 ³⁰
111 2887 176 2952 hoc
193 2887 266 2952 est?
289 2909 372 2972 quae
391 2891 441 2954 est
458 2888 523 2952 ista
541 2886 670 2972 praeda,
693 2909 775 2971 quae
792 2887 852 2970 vis,
875 2908 957 2970 quae
980 2884 1119 2970 direptio

111 2974 296 3041 sociorum?
337 2973 372 3040 si
395 2979 466 3040 erat
482 2974 635 3041 Heraclio
659 2975 700 3040 ab
724 2978 839 3040 senatu
861 2974 1059 3057 mandatum,
1082 2977 1120 3038 ut

111 3067 246 3148 emeret,
274 3063 419 3147 emisset3
446 3065 475 3128 ei
496 3085 563 3128 non
585 3066 669 3147 erat,
692 3059 748 3146 qui
769 3065 899 3148 poterat
922 3083 980 3126 sua
1004 3065 1118 3146 sponte

110 3151 282 3236 pecuniam
297 3152 488 3218 numerare?
521 3149 635 3217 Caesio
654 3153 819 3216 renuntiat
837 3171 873 3214 se
891 3150 1024 3215 dedisse.
1057 3148 1119 3215 Do·
1137 3159 1173 3210 89

111 3239 259 3327 gnoscite
272 3239 546 3305 renuntiationem
557 3261 595 3304 ex
608 3238 728 3303 litteris
744 3237 893 3325 publicis.
918 3237 1040 3304 Recita.
1065 3237 1119 3302 Ex

68 3341 274 3396 ³⁵n1rrna1s
307 3345 476 3394 Punnrcrs.
516 3326 586 3402 Quo
619 3330 750 3391 senatus
779 3326 928 3392 consulto
961 3329 1031 3390 erat
1057 3324 1119 3391 hoc

110 3417 222 3501 legato
235 3417 452 3502 permissum?
471 3413 581 3480 Nullo.
605 3412 670 3479 our
682 3413 781 3479 fecit?
805 3412 944 3480 Coactus
959 3418 1017 3478 est.
1039 3413 1118 3489 Quis

109 3505 174 3570 hoc
189 3505 287 3572 dicit?
319 3504 404 3571 Tota
417 3504 541 3571 civitas.
572 3500 685 3568 Recita
701 3501 925 3568 testimonium
943 3501 1119 3588 publicum.

165 3619 220 3663 010.
233 3619 266 3660 11.
282 3621 300 3662 L
871 3611 905 3662 20
