<?xml version="1.0" encoding="UTF-8"?>
<!DOCTYPE html PUBLIC "-//W3C//DTD XHTML 1.0 Transitional//EN"
    "http://www.w3.org/TR/xhtml1/DTD/xhtml1-transitional.dtd">
<html xmlns="http://www.w3.org/1999/xhtml" xml:lang="en" lang="en">
 <head>
  <title>
</title>
<meta http-equiv="Content-Type" content="text/html;charset=utf-8" />
  <meta name='ocr-system' content='tesseract 3.04.00' />
  <meta name='ocr-capabilities' content='ocr_page ocr_carea ocr_par ocr_line ocrx_word'/>
</head>
<body>
  <div class='ocr_page' id='page_1' title='image "./scriptaquaemans01mullgoog_0607.png"; bbox 0 0 2622 3884; ppageno 0'>
   <div class='ocr_carea' id='block_1_1' title="bbox 177 143 886 212">
    <p class='ocr_par' dir='ltr' id='par_1_1' title="bbox 177 143 886 212">
     <span class='ocr_line' id='line_1_1' title="bbox 177 143 886 212; baseline -0.018 -2"><span class='ocrx_word' id='word_1_1' title='bbox 177 147 244 212; x_wconf 79' lang='lat'>492</span> <span class='ocrx_word' id='word_1_2' title='bbox 480 143 520 199; x_wconf 84' lang='lat' dir='ltr'>IN</span> <span class='ocrx_word' id='word_1_3' title='bbox 539 145 568 201; x_wconf 79' lang='lat' dir='ltr'>G.</span> <span class='ocrx_word' id='word_1_4' title='bbox 581 144 736 199; x_wconf 80' lang='lat' dir='ltr'>VERREM</span> <span class='ocrx_word' id='word_1_5' title='bbox 753 143 833 199; x_wconf 81' lang='lat' dir='ltr'><strong>ACT.</strong></span> <span class='ocrx_word' id='word_1_6' title='bbox 853 143 886 198; x_wconf 88' lang='lat' dir='ltr'>H.</span> 
     </span>
    </p>
   </div>
   <div class='ocr_carea' id='block_1_2' title="bbox 101 287 1230 3362">
    <p class='ocr_par' dir='ltr' id='par_1_2' title="bbox 101 287 1230 3362">
     <span class='ocr_line' id='line_1_2' title="bbox 177 287 1191 375; baseline -0.001 -21"><span class='ocrx_word' id='word_1_7' title='bbox 177 295 283 356; x_wconf 88' lang='lat' dir='ltr'>torem</span> <span class='ocrx_word' id='word_1_8' title='bbox 302 291 498 375; x_wconf 70' lang='lat' dir='ltr'>locupletem</span> <span class='ocrx_word' id='word_1_9' title='bbox 517 289 618 374; x_wconf 86' lang='lat' dir='ltr'>daret,</span> <span class='ocrx_word' id='word_1_10' title='bbox 636 288 784 372; x_wconf 86' lang='lat' dir='ltr'>quamvis</span> <span class='ocrx_word' id='word_1_11' title='bbox 804 288 883 354; x_wconf 85' lang='lat' dir='ltr'>civis</span> <span class='ocrx_word' id='word_1_12' title='bbox 902 287 1069 353; x_wconf 90' lang='lat' dir='ltr'>Romanus</span> <span class='ocrx_word' id='word_1_13' title='bbox 1089 293 1191 374; x_wconf 88' lang='lat' dir='ltr'>esset,</span> 
     </span>
     <span class='ocr_line' id='line_1_3' title="bbox 177 378 564 444; baseline -0.01 0"><span class='ocrx_word' id='word_1_14' title='bbox 177 380 213 444; x_wconf 92' lang='lat' dir='ltr'>iu</span> <span class='ocrx_word' id='word_1_15' title='bbox 235 401 362 444; x_wconf 86' lang='lat' dir='ltr'>crucem</span> <span class='ocrx_word' id='word_1_16' title='bbox 384 378 564 443; x_wconf 85' lang='lat' dir='ltr'>tolleretur.</span> 
     </span>
     <span class='ocr_line' id='line_1_4' title="bbox 125 442 1191 569; baseline -0.004 -37"><span class='ocrx_word' id='word_1_17' title='bbox 125 442 176 569; x_wconf 56' lang='grc' dir='ltr'>ξὲθ</span> <span class='ocrx_word' id='word_1_18' title='bbox 245 465 308 532; x_wconf 83' lang='lat' dir='ltr'>Sed</span> <span class='ocrx_word' id='word_1_19' title='bbox 325 465 403 551; x_wconf 88' lang='lat' dir='ltr'>quid</span> <span class='ocrx_word' id='word_1_20' title='bbox 421 486 481 550; x_wconf 84' lang='lat' dir='ltr'>ego</span> <span class='ocrx_word' id='word_1_21' title='bbox 499 466 595 550; x_wconf 90' lang='lat' dir='ltr'>plura</span> <span class='ocrx_word' id='word_1_22' title='bbox 615 465 654 532; x_wconf 86' lang='lat' dir='ltr'>do</span> <span class='ocrx_word' id='word_1_23' title='bbox 669 463 795 531; x_wconf 79' lang='lat' dir='ltr'>Gavio?</span> <span class='ocrx_word' id='word_1_24' title='bbox 818 464 912 548; x_wconf 89' lang='lat' dir='ltr'>quasi</span> <span class='ocrx_word' id='word_1_25' title='bbox 934 468 971 530; x_wconf 91' lang='lat' dir='ltr'>tu</span> <span class='ocrx_word' id='word_1_26' title='bbox 986 463 1089 529; x_wconf 81' lang='lat' dir='ltr'>Gavio</span> <span class='ocrx_word' id='word_1_27' title='bbox 1112 468 1191 528; x_wconf 91' lang='lat' dir='ltr'>tum</span> 
     </span>
     <span class='ocr_line' id='line_1_5' title="bbox 177 552 1189 638; baseline -0.002 -19"><span class='ocrx_word' id='word_1_28' title='bbox 177 554 277 619; x_wconf 88' lang='lat' dir='ltr'>fueris</span> <span class='ocrx_word' id='word_1_29' title='bbox 310 553 446 618; x_wconf 83' lang='lat' dir='ltr'>infestus</span> <span class='ocrx_word' id='word_1_30' title='bbox 480 575 517 618; x_wconf 88' lang='lat' dir='ltr'>ac</span> <span class='ocrx_word' id='word_1_31' title='bbox 547 574 615 617; x_wconf 91' lang='lat' dir='ltr'>non</span> <span class='ocrx_word' id='word_1_32' title='bbox 645 553 783 636; x_wconf 91' lang='lat' dir='ltr'>nomini,</span> <span class='ocrx_word' id='word_1_33' title='bbox 815 552 939 638; x_wconf 80' lang='lat' dir='ltr'>generi,</span> <span class='ocrx_word' id='word_1_34' title='bbox 969 552 1033 617; x_wconf 91' lang='lat' dir='ltr'>iuri</span> <span class='ocrx_word' id='word_1_35' title='bbox 1065 552 1189 618; x_wconf 88' lang='lat' dir='ltr'>civium</span> 
     </span>
     <span class='ocr_line' id='line_1_6' title="bbox 177 640 1220 725; baseline -0.005 -18"><span class='ocrx_word' id='word_1_36' title='bbox 177 643 293 707; x_wconf 92' lang='lat' dir='ltr'>hostis.</span> <span class='ocrx_word' id='word_1_37' title='bbox 323 640 400 707; x_wconf 89' lang='lat' dir='ltr'>Non</span> <span class='ocrx_word' id='word_1_38' title='bbox 417 641 477 724; x_wconf 93' lang='lat' dir='ltr'>illi,</span> <span class='ocrx_word' id='word_1_39' title='bbox 495 641 637 725; x_wconf 83' lang='lat' dir='ltr'>inquam,</span> <span class='ocrx_word' id='word_1_40' title='bbox 655 640 789 722; x_wconf 89' lang='lat' dir='ltr'>homini,</span> <span class='ocrx_word' id='word_1_41' title='bbox 812 640 868 705; x_wconf 87' lang='lat' dir='ltr'>sed</span> <span class='ocrx_word' id='word_1_42' title='bbox 887 661 1002 706; x_wconf 89' lang='lat' dir='ltr'>causae</span> <span class='ocrx_word' id='word_1_43' title='bbox 1021 641 1220 705; x_wconf 75' lang='lat' dir='ltr'>communis</span> 
     </span>
     <span class='ocr_line' id='line_1_7' title="bbox 178 728 1189 812; baseline -0.001 -18"><span class='ocrx_word' id='word_1_44' title='bbox 178 730 342 795; x_wconf 72' lang='lat' dir='ltr'>libertatis</span> <span class='ocrx_word' id='word_1_45' title='bbox 373 729 522 794; x_wconf 88' lang='lat' dir='ltr'>inimicus</span> <span class='ocrx_word' id='word_1_46' title='bbox 554 728 654 793; x_wconf 87' lang='lat' dir='ltr'>fuisti.</span> <span class='ocrx_word' id='word_1_47' title='bbox 705 729 789 804; x_wconf 82' lang='lat' dir='ltr'>Quid</span> <span class='ocrx_word' id='word_1_48' title='bbox 817 728 902 792; x_wconf 91' lang='lat' dir='ltr'>enim</span> <span class='ocrx_word' id='word_1_49' title='bbox 930 729 1078 812; x_wconf 90' lang='lat' dir='ltr'>attinuit,</span> <span class='ocrx_word' id='word_1_50' title='bbox 1111 751 1189 793; x_wconf 92' lang='lat' dir='ltr'>oum</span> 
     </span>
     <span class='ocr_line' id='line_1_8' title="bbox 177 817 1189 901; baseline -0.002 -19"><span class='ocrx_word' id='word_1_51' title='bbox 177 817 365 883; x_wconf 74' lang='lat' dir='ltr'>Mamertini</span> <span class='ocrx_word' id='word_1_52' title='bbox 391 839 481 884; x_wconf 87' lang='lat' dir='ltr'>moro</span> <span class='ocrx_word' id='word_1_53' title='bbox 508 821 606 901; x_wconf 88' lang='lat' dir='ltr'>atque</span> <span class='ocrx_word' id='word_1_54' title='bbox 630 817 782 881; x_wconf 89' lang='lat' dir='ltr'>instituto</span> <span class='ocrx_word' id='word_1_55' title='bbox 806 835 864 882; x_wconf 91' lang='lat' dir='ltr'>suo</span> <span class='ocrx_word' id='word_1_56' title='bbox 887 837 1014 881; x_wconf 89' lang='lat' dir='ltr'>erucem</span> <span class='ocrx_word' id='word_1_57' title='bbox 1037 817 1189 881; x_wconf 83' lang='lat' dir='ltr'>fixissent</span> 
     </span>
     <span class='ocr_line' id='line_1_9' title="bbox 178 904 1188 991; baseline -0.001 -21"><span class='ocrx_word' id='word_1_58' title='bbox 178 910 254 991; x_wconf 90' lang='lat' dir='ltr'>post</span> <span class='ocrx_word' id='word_1_59' title='bbox 281 906 395 970; x_wconf 89' lang='lat' dir='ltr'>urbem</span> <span class='ocrx_word' id='word_1_60' title='bbox 422 906 457 969; x_wconf 93' lang='lat' dir='ltr'>in</span> <span class='ocrx_word' id='word_1_61' title='bbox 484 905 538 970; x_wconf 90' lang='lat' dir='ltr'>via</span> <span class='ocrx_word' id='word_1_62' title='bbox 564 904 732 989; x_wconf 89' lang='lat' dir='ltr'>Pompeia,</span> <span class='ocrx_word' id='word_1_63' title='bbox 764 909 797 968; x_wconf 91' lang='lat' dir='ltr'>te</span> <span class='ocrx_word' id='word_1_64' title='bbox 825 904 936 969; x_wconf 87' lang='lat' dir='ltr'>iubere</span> <span class='ocrx_word' id='word_1_65' title='bbox 963 905 998 969; x_wconf 93' lang='lat' dir='ltr'>in</span> <span class='ocrx_word' id='word_1_66' title='bbox 1025 927 1063 969; x_wconf 87' lang='lat' dir='ltr'>ca</span> <span class='ocrx_word' id='word_1_67' title='bbox 1088 909 1188 989; x_wconf 86' lang='lat' dir='ltr'>parte</span> 
     </span>
     <span class='ocr_line' id='line_1_10' title="bbox 178 992 1188 1080; baseline -0.001 -22"><span class='ocrx_word' id='word_1_68' title='bbox 178 995 288 1080; x_wconf 82' lang='lat' dir='ltr'>figere,</span> <span class='ocrx_word' id='word_1_69' title='bbox 311 1015 392 1078; x_wconf 87' lang='lat' dir='ltr'>quae</span> <span class='ocrx_word' id='word_1_70' title='bbox 412 993 453 1058; x_wconf 87' lang='lat' dir='ltr'>ad</span> <span class='ocrx_word' id='word_1_71' title='bbox 471 993 592 1058; x_wconf 83' lang='lat' dir='ltr'>fretum</span> <span class='ocrx_word' id='word_1_72' title='bbox 616 996 786 1076; x_wconf 78' lang='lat' dir='ltr'>spectaret,</span> <span class='ocrx_word' id='word_1_73' title='bbox 809 996 842 1056; x_wconf 89' lang='lat' dir='ltr'>et</span> <span class='ocrx_word' id='word_1_74' title='bbox 864 993 927 1057; x_wconf 92' lang='lat' dir='ltr'>hoc</span> <span class='ocrx_word' id='word_1_75' title='bbox 949 992 1074 1076; x_wconf 86' lang='lat' dir='ltr'>addere,</span> <span class='ocrx_word' id='word_1_76' title='bbox 1098 993 1188 1076; x_wconf 91' lang='lat' dir='ltr'>quod</span> 
     </span>
     <span class='ocr_line' id='line_1_11' title="bbox 178 1080 1230 1168; baseline -0.003 -22"><span class='ocrx_word' id='word_1_77' title='bbox 178 1104 298 1168; x_wconf 85' lang='lat' dir='ltr'>negare</span> <span class='ocrx_word' id='word_1_78' title='bbox 324 1082 416 1146; x_wconf 93' lang='lat' dir='ltr'>nullo</span> <span class='ocrx_word' id='word_1_79' title='bbox 444 1081 540 1146; x_wconf 93' lang='lat' dir='ltr'>modo</span> <span class='ocrx_word' id='word_1_80' title='bbox 563 1084 670 1165; x_wconf 89' lang='lat' dir='ltr'>potes,</span> <span class='ocrx_word' id='word_1_81' title='bbox 697 1080 782 1164; x_wconf 91' lang='lat' dir='ltr'>quod</span> <span class='ocrx_word' id='word_1_82' title='bbox 805 1080 954 1145; x_wconf 93' lang='lat' dir='ltr'>omnibus</span> <span class='ocrx_word' id='word_1_83' title='bbox 978 1081 1186 1145; x_wconf 84' lang='lat' dir='ltr'>audientibus</span> <span class='ocrx_word' id='word_1_84' title='bbox 1202 1104 1230 1143; x_wconf 82' lang='lat' dir='ltr'>ro</span> 
     </span>
     <span class='ocr_line' id='line_1_12' title="bbox 180 1168 1186 1254; baseline -0.002 -20"><span class='ocrx_word' id='word_1_85' title='bbox 180 1171 291 1234; x_wconf 84' lang='lat' dir='ltr'>dixisti</span> <span class='ocrx_word' id='word_1_86' title='bbox 308 1170 428 1254; x_wconf 90' lang='lat' dir='ltr'>palam,</span> <span class='ocrx_word' id='word_1_87' title='bbox 450 1173 484 1234; x_wconf 93' lang='lat' dir='ltr'>te</span> <span class='ocrx_word' id='word_1_88' title='bbox 501 1169 619 1234; x_wconf 86' lang='lat' dir='ltr'>idcirco</span> <span class='ocrx_word' id='word_1_89' title='bbox 638 1169 732 1232; x_wconf 90' lang='lat' dir='ltr'>illum</span> <span class='ocrx_word' id='word_1_90' title='bbox 755 1169 862 1233; x_wconf 91' lang='lat' dir='ltr'>locum</span> <span class='ocrx_word' id='word_1_91' title='bbox 886 1168 1036 1253; x_wconf 83' lang='lat' dir='ltr'>deligere,</span> <span class='ocrx_word' id='word_1_92' title='bbox 1059 1173 1096 1233; x_wconf 90' lang='lat' dir='ltr'>ut</span> <span class='ocrx_word' id='word_1_93' title='bbox 1118 1169 1186 1253; x_wconf 90' lang='lat' dir='ltr'>ille,</span> 
     </span>
     <span class='ocr_line' id='line_1_13' title="bbox 180 1256 1186 1342; baseline 0 -20"><span class='ocrx_word' id='word_1_94' title='bbox 180 1259 332 1342; x_wconf 89' lang='lat' dir='ltr'>quoniam</span> <span class='ocrx_word' id='word_1_95' title='bbox 360 1279 394 1322; x_wconf 91' lang='lat' dir='ltr'>se</span> <span class='ocrx_word' id='word_1_96' title='bbox 422 1257 524 1322; x_wconf 85' lang='lat' dir='ltr'>civem</span> <span class='ocrx_word' id='word_1_97' title='bbox 551 1256 735 1322; x_wconf 88' lang='lat' dir='ltr'>Romanum</span> <span class='ocrx_word' id='word_1_98' title='bbox 762 1277 832 1321; x_wconf 89' lang='lat' dir='ltr'>esse</span> <span class='ocrx_word' id='word_1_99' title='bbox 860 1256 993 1340; x_wconf 89' lang='lat' dir='ltr'>diceret,</span> <span class='ocrx_word' id='word_1_100' title='bbox 1025 1279 1063 1321; x_wconf 84' lang='lat' dir='ltr'>ex</span> <span class='ocrx_word' id='word_1_101' title='bbox 1091 1278 1186 1322; x_wconf 84' lang='lat' dir='ltr'>amec</span> 
     </span>
     <span class='ocr_line' id='line_1_14' title="bbox 178 1344 1186 1428; baseline -0.001 -18"><span class='ocrx_word' id='word_1_102' title='bbox 178 1345 310 1410; x_wconf 89' lang='lat' dir='ltr'>Italiam</span> <span class='ocrx_word' id='word_1_103' title='bbox 341 1366 469 1410; x_wconf 88' lang='lat' dir='ltr'>cernere</span> <span class='ocrx_word' id='word_1_104' title='bbox 496 1366 534 1408; x_wconf 87' lang='lat' dir='ltr'>ac</span> <span class='ocrx_word' id='word_1_105' title='bbox 564 1345 693 1409; x_wconf 90' lang='lat' dir='ltr'>domum</span> <span class='ocrx_word' id='word_1_106' title='bbox 720 1366 812 1408; x_wconf 89' lang='lat' dir='ltr'>suam</span> <span class='ocrx_word' id='word_1_107' title='bbox 838 1344 1023 1428; x_wconf 79' lang='lat' dir='ltr'>prospicere</span> <span class='ocrx_word' id='word_1_108' title='bbox 1049 1346 1186 1428; x_wconf 78' lang='lat' dir='ltr'>posset?</span> 
     </span>
     <span class='ocr_line' id='line_1_15' title="bbox 178 1431 1185 1516; baseline 0 -20"><span class='ocrx_word' id='word_1_109' title='bbox 178 1433 294 1516; x_wconf 88' lang='lat' dir='ltr'>Itaque</span> <span class='ocrx_word' id='word_1_110' title='bbox 308 1432 367 1496; x_wconf 89' lang='lat' dir='ltr'>illa</span> <span class='ocrx_word' id='word_1_111' title='bbox 385 1454 463 1497; x_wconf 88' lang='lat' dir='ltr'>crux</span> <span class='ocrx_word' id='word_1_112' title='bbox 481 1434 561 1516; x_wconf 89' lang='lat' dir='ltr'>sola,</span> <span class='ocrx_word' id='word_1_113' title='bbox 579 1433 709 1516; x_wconf 90' lang='lat' dir='ltr'>iudices,</span> <span class='ocrx_word' id='word_1_114' title='bbox 726 1436 803 1516; x_wconf 87' lang='lat' dir='ltr'>post</span> <span class='ocrx_word' id='word_1_115' title='bbox 821 1432 984 1497; x_wconf 86' lang='lat' dir='ltr'>conditam</span> <span class='ocrx_word' id='word_1_116' title='bbox 998 1431 1185 1497; x_wconf 88' lang='lat' dir='ltr'>Messanam</span> 
     </span>
     <span class='ocr_line' id='line_1_16' title="bbox 178 1519 1227 1603; baseline -0.002 -20"><span class='ocrx_word' id='word_1_117' title='bbox 178 1521 237 1584; x_wconf 95' lang='lat' dir='ltr'>illo</span> <span class='ocrx_word' id='word_1_118' title='bbox 262 1521 297 1584; x_wconf 92' lang='lat' dir='ltr'>in</span> <span class='ocrx_word' id='word_1_119' title='bbox 319 1521 391 1585; x_wconf 90' lang='lat' dir='ltr'>loco</span> <span class='ocrx_word' id='word_1_120' title='bbox 413 1520 479 1584; x_wconf 88' lang='lat' dir='ltr'>fixa</span> <span class='ocrx_word' id='word_1_121' title='bbox 502 1525 559 1584; x_wconf 89' lang='lat' dir='ltr'>est.</span> <span class='ocrx_word' id='word_1_122' title='bbox 601 1520 717 1585; x_wconf 90' lang='lat' dir='ltr'>Italiae</span> <span class='ocrx_word' id='word_1_123' title='bbox 741 1523 932 1603; x_wconf 88' lang='lat' dir='ltr'>conspectus</span> <span class='ocrx_word' id='word_1_124' title='bbox 955 1519 997 1584; x_wconf 88' lang='lat' dir='ltr'>ad</span> <span class='ocrx_word' id='word_1_125' title='bbox 1019 1541 1091 1584; x_wconf 87' lang='lat' dir='ltr'>eam</span> <span class='ocrx_word' id='word_1_126' title='bbox 1114 1543 1185 1586; x_wconf 92' lang='lat' dir='ltr'>rem</span> <span class='ocrx_word' id='word_1_127' title='bbox 1200 1543 1227 1582; x_wconf 83' lang='lat'>15</span> 
     </span>
     <span class='ocr_line' id='line_1_17' title="bbox 179 1608 1186 1692; baseline 0 -19"><span class='ocrx_word' id='word_1_128' title='bbox 179 1609 221 1673; x_wconf 90' lang='lat' dir='ltr'>ab</span> <span class='ocrx_word' id='word_1_129' title='bbox 253 1609 318 1673; x_wconf 93' lang='lat' dir='ltr'>isto</span> <span class='ocrx_word' id='word_1_130' title='bbox 351 1608 493 1672; x_wconf 90' lang='lat' dir='ltr'>delectus</span> <span class='ocrx_word' id='word_1_131' title='bbox 526 1612 589 1692; x_wconf 89' lang='lat' dir='ltr'>est,</span> <span class='ocrx_word' id='word_1_132' title='bbox 620 1612 658 1672; x_wconf 93' lang='lat' dir='ltr'>ut</span> <span class='ocrx_word' id='word_1_133' title='bbox 688 1608 744 1672; x_wconf 87' lang='lat' dir='ltr'>illo</span> <span class='ocrx_word' id='word_1_134' title='bbox 772 1608 808 1672; x_wconf 89' lang='lat' dir='ltr'>iu</span> <span class='ocrx_word' id='word_1_135' title='bbox 837 1608 947 1672; x_wconf 89' lang='lat' dir='ltr'>dolore</span> <span class='ocrx_word' id='word_1_136' title='bbox 977 1609 1186 1692; x_wconf 86' lang='lat' dir='ltr'>cruciatuque</span> 
     </span>
     <span class='ocr_line' id='line_1_18' title="bbox 179 1695 1185 1782; baseline -0.001 -21"><span class='ocrx_word' id='word_1_137' title='bbox 179 1696 320 1761; x_wconf 89' lang='lat' dir='ltr'>moriens</span> <span class='ocrx_word' id='word_1_138' title='bbox 337 1699 536 1782; x_wconf 81' lang='lat' dir='ltr'>perangusto</span> <span class='ocrx_word' id='word_1_139' title='bbox 552 1696 639 1760; x_wconf 83' lang='lat' dir='ltr'>fretu</span> <span class='ocrx_word' id='word_1_140' title='bbox 657 1695 761 1760; x_wconf 86' lang='lat' dir='ltr'>divisa</span> <span class='ocrx_word' id='word_1_141' title='bbox 778 1695 945 1760; x_wconf 82' lang='lat' dir='ltr'>servitutis</span> <span class='ocrx_word' id='word_1_142' title='bbox 965 1715 1002 1759; x_wconf 90' lang='lat' dir='ltr'>ac</span> <span class='ocrx_word' id='word_1_143' title='bbox 1019 1696 1185 1760; x_wconf 86' lang='lat' dir='ltr'>libertatis</span> 
     </span>
     <span class='ocr_line' id='line_1_19' title="bbox 179 1783 1186 1869; baseline 0.001 -21"><span class='ocrx_word' id='word_1_144' title='bbox 179 1784 251 1848; x_wconf 88' lang='lat' dir='ltr'>iura</span> <span class='ocrx_word' id='word_1_145' title='bbox 279 1787 500 1869; x_wconf 85' lang='lat' dir='ltr'>cognosceret,</span> <span class='ocrx_word' id='word_1_146' title='bbox 527 1783 625 1846; x_wconf 89' lang='lat' dir='ltr'>Italia</span> <span class='ocrx_word' id='word_1_147' title='bbox 649 1787 757 1846; x_wconf 88' lang='lat' dir='ltr'>autem</span> <span class='ocrx_word' id='word_1_148' title='bbox 781 1784 946 1847; x_wconf 87' lang='lat' dir='ltr'>alumnum</span> <span class='ocrx_word' id='word_1_149' title='bbox 969 1804 1063 1847; x_wconf 90' lang='lat' dir='ltr'>suum</span> <span class='ocrx_word' id='word_1_150' title='bbox 1086 1786 1186 1849; x_wconf 89' lang='lat' dir='ltr'>servi·</span> 
     </span>
     <span class='ocr_line' id='line_1_20' title="bbox 179 1870 1185 1955; baseline 0.001 -20"><span class='ocrx_word' id='word_1_151' title='bbox 179 1872 260 1936; x_wconf 90' lang='lat' dir='ltr'>tutis</span> <span class='ocrx_word' id='word_1_152' title='bbox 298 1876 441 1935; x_wconf 83' lang='lat' dir='ltr'>extremo</span> <span class='ocrx_word' id='word_1_153' title='bbox 474 1891 664 1954; x_wconf 85' lang='lat' dir='ltr'>summoque</span> <span class='ocrx_word' id='word_1_154' title='bbox 695 1871 855 1955; x_wconf 88' lang='lat' dir='ltr'>supplicio</span> <span class='ocrx_word' id='word_1_155' title='bbox 888 1870 1020 1935; x_wconf 85' lang='lat' dir='ltr'>affixum</span> <span class='ocrx_word' id='word_1_156' title='bbox 1052 1872 1185 1937; x_wconf 88' lang='lat' dir='ltr'>videret.</span> 
     </span>
     <span class='ocr_line' id='line_1_21' title="bbox 129 1957 1226 2046; baseline -0.001 -23"><span class='ocrx_word' id='word_1_157' title='bbox 129 1975 179 2024; x_wconf 74' lang='lat'>170</span> <span class='ocrx_word' id='word_1_158' title='bbox 197 1959 335 2024; x_wconf 84' lang='lat' dir='ltr'>Facinus</span> <span class='ocrx_word' id='word_1_159' title='bbox 350 1962 400 2022; x_wconf 90' lang='lat' dir='ltr'>est</span> <span class='ocrx_word' id='word_1_160' title='bbox 414 1958 534 2022; x_wconf 89' lang='lat' dir='ltr'>vincire</span> <span class='ocrx_word' id='word_1_161' title='bbox 553 1957 656 2022; x_wconf 90' lang='lat' dir='ltr'>civem</span> <span class='ocrx_word' id='word_1_162' title='bbox 669 1957 863 2040; x_wconf 86' lang='lat' dir='ltr'>Romanum,</span> <span class='ocrx_word' id='word_1_163' title='bbox 880 1958 985 2023; x_wconf 91' lang='lat' dir='ltr'>scelus</span> <span class='ocrx_word' id='word_1_164' title='bbox 1005 1959 1186 2046; x_wconf 87' lang='lat' dir='ltr'>verberare,</span> <span class='ocrx_word' id='word_1_165' title='bbox 1199 1983 1226 2022; x_wconf 73' lang='lat' dir='ltr'>ro</span> 
     </span>
     <span class='ocr_line' id='line_1_22' title="bbox 179 2046 1185 2131; baseline 0.001 -20"><span class='ocrx_word' id='word_1_166' title='bbox 179 2068 280 2131; x_wconf 87' lang='lat' dir='ltr'>prope</span> <span class='ocrx_word' id='word_1_167' title='bbox 303 2046 512 2130; x_wconf 87' lang='lat' dir='ltr'>parricidium</span> <span class='ocrx_word' id='word_1_168' title='bbox 534 2066 661 2128; x_wconf 81' lang='lat' dir='ltr'>necare3</span> <span class='ocrx_word' id='word_1_169' title='bbox 687 2046 764 2130; x_wconf 92' lang='lat' dir='ltr'>quid</span> <span class='ocrx_word' id='word_1_170' title='bbox 787 2046 891 2110; x_wconf 88' lang='lat' dir='ltr'>dicam</span> <span class='ocrx_word' id='word_1_171' title='bbox 913 2046 949 2110; x_wconf 92' lang='lat' dir='ltr'>in</span> <span class='ocrx_word' id='word_1_172' title='bbox 971 2068 1097 2112; x_wconf 85' lang='lat' dir='ltr'>crucem</span> <span class='ocrx_word' id='word_1_173' title='bbox 1119 2049 1185 2113; x_wconf 93' lang='lat' dir='ltr'>tol-</span> 
     </span>
     <span class='ocr_line' id='line_1_23' title="bbox 179 2133 1185 2220; baseline 0.002 -22"><span class='ocrx_word' id='word_1_174' title='bbox 179 2136 268 2200; x_wconf 82' lang='lat' dir='ltr'>lere&#39;?</span> <span class='ocrx_word' id='word_1_175' title='bbox 314 2134 423 2199; x_wconf 86' lang='lat' dir='ltr'>Verbo</span> <span class='ocrx_word' id='word_1_176' title='bbox 456 2133 536 2198; x_wconf 90' lang='lat' dir='ltr'>satis</span> <span class='ocrx_word' id='word_1_177' title='bbox 568 2133 667 2220; x_wconf 85' lang='lat' dir='ltr'>digno</span> <span class='ocrx_word' id='word_1_178' title='bbox 696 2136 765 2199; x_wconf 90' lang='lat' dir='ltr'>tam</span> <span class='ocrx_word' id='word_1_179' title='bbox 794 2133 919 2198; x_wconf 86' lang='lat' dir='ltr'>nefaria</span> <span class='ocrx_word' id='word_1_180' title='bbox 946 2155 997 2198; x_wconf 88' lang='lat' dir='ltr'>res</span> <span class='ocrx_word' id='word_1_181' title='bbox 1025 2136 1185 2219; x_wconf 86' lang='lat' dir='ltr'>appellari</span> 
     </span>
     <span class='ocr_line' id='line_1_24' title="bbox 179 2221 1185 2304; baseline 0.001 -17"><span class='ocrx_word' id='word_1_182' title='bbox 179 2222 271 2287; x_wconf 91' lang='lat' dir='ltr'>nullo</span> <span class='ocrx_word' id='word_1_183' title='bbox 299 2222 395 2287; x_wconf 92' lang='lat' dir='ltr'>modo</span> <span class='ocrx_word' id='word_1_184' title='bbox 423 2225 542 2304; x_wconf 88' lang='lat' dir='ltr'>potest.</span> <span class='ocrx_word' id='word_1_185' title='bbox 586 2221 662 2286; x_wconf 91' lang='lat' dir='ltr'>Non</span> <span class='ocrx_word' id='word_1_186' title='bbox 687 2221 752 2286; x_wconf 88' lang='lat' dir='ltr'>fuit</span> <span class='ocrx_word' id='word_1_187' title='bbox 778 2221 829 2285; x_wconf 88' lang='lat' dir='ltr'>his</span> <span class='ocrx_word' id='word_1_188' title='bbox 854 2221 1003 2286; x_wconf 89' lang='lat' dir='ltr'>omnibus</span> <span class='ocrx_word' id='word_1_189' title='bbox 1026 2222 1088 2287; x_wconf 90' lang='lat' dir='ltr'>iste</span> <span class='ocrx_word' id='word_1_190' title='bbox 1111 2245 1185 2288; x_wconf 90' lang='lat' dir='ltr'>con-</span> 
     </span>
     <span class='ocr_line' id='line_1_25' title="bbox 179 2309 1183 2396; baseline 0.001 -22"><span class='ocrx_word' id='word_1_191' title='bbox 179 2313 303 2392; x_wconf 72' lang='lat' dir='ltr'>tentus,</span> <span class='ocrx_word' id='word_1_192' title='bbox 322 2309 478 2394; x_wconf 68' lang='lat' dir='ltr'>‘spectet&#39;,</span> <span class='ocrx_word' id='word_1_193' title='bbox 500 2309 615 2393; x_wconf 91' lang='lat' dir='ltr'>inquit,</span> <span class='ocrx_word' id='word_1_194' title='bbox 639 2309 805 2393; x_wconf 71' lang='lat' dir='ltr'>‘patriam3</span> <span class='ocrx_word' id='word_1_195' title='bbox 827 2309 864 2372; x_wconf 92' lang='lat' dir='ltr'>in</span> <span class='ocrx_word' id='word_1_196' title='bbox 880 2313 1056 2394; x_wconf 87' lang='lat' dir='ltr'>conspectu</span> <span class='ocrx_word' id='word_1_197' title='bbox 1073 2311 1183 2396; x_wconf 87' lang='lat' dir='ltr'>legum</span> 
     </span>
     <span class='ocr_line' id='line_1_26' title="bbox 180 2396 1222 2484; baseline 0 -23"><span class='ocrx_word' id='word_1_198' title='bbox 180 2397 407 2482; x_wconf 85' lang='lat' dir='ltr'>libertatisque</span> <span class='ocrx_word' id='word_1_199' title='bbox 438 2396 616 2463; x_wconf 70' lang='lat' dir='ltr'>moriatur?</span> <span class='ocrx_word' id='word_1_200' title='bbox 665 2396 741 2462; x_wconf 89' lang='lat' dir='ltr'>Non</span> <span class='ocrx_word' id='word_1_201' title='bbox 772 2401 810 2462; x_wconf 93' lang='lat' dir='ltr'>tu</span> <span class='ocrx_word' id='word_1_202' title='bbox 840 2397 902 2463; x_wconf 92' lang='lat' dir='ltr'>hoc</span> <span class='ocrx_word' id='word_1_203' title='bbox 933 2398 1006 2462; x_wconf 90' lang='lat' dir='ltr'>loeo</span> <span class='ocrx_word' id='word_1_204' title='bbox 1036 2397 1183 2484; x_wconf 77' lang='lat' dir='ltr'>Gavium,</span> <span class='ocrx_word' id='word_1_205' title='bbox 1197 2419 1222 2461; x_wconf 76' lang='lat' dir='ltr'>rr</span> 
     </span>
     <span class='ocr_line' id='line_1_27' title="bbox 180 2485 1183 2572; baseline 0.003 -23"><span class='ocrx_word' id='word_1_206' title='bbox 180 2507 247 2550; x_wconf 92' lang='lat' dir='ltr'>non</span> <span class='ocrx_word' id='word_1_207' title='bbox 272 2507 372 2549; x_wconf 91' lang='lat' dir='ltr'>unum</span> <span class='ocrx_word' id='word_1_208' title='bbox 398 2485 562 2550; x_wconf 91' lang='lat' dir='ltr'>hominem</span> <span class='ocrx_word' id='word_1_209' title='bbox 587 2485 695 2550; x_wconf 87' lang='lat' dir='ltr'>nescio</span> <span class='ocrx_word' id='word_1_210' title='bbox 720 2507 815 2569; x_wconf 88' lang='lat' dir='ltr'>quem</span> <span class='ocrx_word' id='word_1_211' title='bbox 839 2485 954 2565; x_wconf 86' lang='lat' dir='ltr'>[civem</span> <span class='ocrx_word' id='word_1_212' title='bbox 977 2485 1183 2572; x_wconf 52' lang='lat' dir='ltr'>Romanum}</span> 
     </span>
     <span class='ocr_line' id='line_1_28' title="bbox 181 2573 1181 2640; baseline 0.002 -2"><span class='ocrx_word' id='word_1_213' title='bbox 181 2573 237 2638; x_wconf 89' lang='lat' dir='ltr'>sed</span> <span class='ocrx_word' id='word_1_214' title='bbox 256 2594 458 2638; x_wconf 89' lang='lat' dir='ltr'>communem</span> <span class='ocrx_word' id='word_1_215' title='bbox 475 2573 638 2638; x_wconf 87' lang='lat' dir='ltr'>libertatis</span> <span class='ocrx_word' id='word_1_216' title='bbox 660 2577 693 2638; x_wconf 89' lang='lat' dir='ltr'>et</span> <span class='ocrx_word' id='word_1_217' title='bbox 715 2573 857 2638; x_wconf 88' lang='lat' dir='ltr'>civitatis</span> <span class='ocrx_word' id='word_1_218' title='bbox 880 2595 1010 2638; x_wconf 89' lang='lat' dir='ltr'>causam</span> <span class='ocrx_word' id='word_1_219' title='bbox 1033 2575 1068 2638; x_wconf 90' lang='lat' dir='ltr'>in</span> <span class='ocrx_word' id='word_1_220' title='bbox 1089 2575 1181 2640; x_wconf 93' lang='lat' dir='ltr'>illum</span> 
     </span>
     <span class='ocr_line' id='line_1_29' title="bbox 101 2660 1181 2746; baseline 0.001 -19"><span class='ocrx_word' id='word_1_221' title='bbox 101 2729 104 2734; x_wconf 78' lang='grc'>,</span> <span class='ocrx_word' id='word_1_222' title='bbox 181 2661 359 2727; x_wconf 87' lang='lat' dir='ltr'>cruciatum</span> <span class='ocrx_word' id='word_1_223' title='bbox 382 2665 415 2726; x_wconf 89' lang='lat' dir='ltr'>et</span> <span class='ocrx_word' id='word_1_224' title='bbox 433 2683 560 2726; x_wconf 88' lang='lat' dir='ltr'>crucem</span> <span class='ocrx_word' id='word_1_225' title='bbox 579 2661 685 2746; x_wconf 85' lang='lat' dir='ltr'>egisti.</span> <span class='ocrx_word' id='word_1_226' title='bbox 724 2660 796 2725; x_wconf 90' lang='lat' dir='ltr'>Iam</span> <span class='ocrx_word' id='word_1_227' title='bbox 813 2683 889 2726; x_wconf 85' lang='lat' dir='ltr'>vero</span> <span class='ocrx_word' id='word_1_228' title='bbox 913 2661 1019 2726; x_wconf 88' lang='lat' dir='ltr'>videte</span> <span class='ocrx_word' id='word_1_229' title='bbox 1041 2662 1181 2728; x_wconf 91' lang='lat' dir='ltr'>hominis</span> 
     </span>
     <span class='ocr_line' id='line_1_30' title="bbox 182 2747 1181 2835; baseline 0.002 -21"><span class='ocrx_word' id='word_1_230' title='bbox 182 2750 362 2814; x_wconf 89' lang='lat' dir='ltr'>audaciam!</span> <span class='ocrx_word' id='word_1_231' title='bbox 408 2747 524 2813; x_wconf 87' lang='lat' dir='ltr'>Nonne</span> <span class='ocrx_word' id='word_1_232' title='bbox 556 2771 629 2812; x_wconf 87' lang='lat' dir='ltr'>eum</span> <span class='ocrx_word' id='word_1_233' title='bbox 657 2749 801 2834; x_wconf 81' lang='lat' dir='ltr'>graviter</span> <span class='ocrx_word' id='word_1_234' title='bbox 828 2749 942 2814; x_wconf 86' lang='lat' dir='ltr'>tulisse</span> <span class='ocrx_word' id='word_1_235' title='bbox 970 2750 1181 2835; x_wconf 86' lang='lat' dir='ltr'>arbitramini,</span> 
     </span>
     <span class='ocr_line' id='line_1_31' title="bbox 182 2835 1219 2923; baseline -0.002 -21"><span class='ocrx_word' id='word_1_236' title='bbox 182 2838 268 2921; x_wconf 91' lang='lat' dir='ltr'>quod</span> <span class='ocrx_word' id='word_1_237' title='bbox 298 2838 392 2902; x_wconf 92' lang='lat' dir='ltr'>illam</span> <span class='ocrx_word' id='word_1_238' title='bbox 424 2836 547 2902; x_wconf 89' lang='lat' dir='ltr'>civibus</span> <span class='ocrx_word' id='word_1_239' title='bbox 574 2835 731 2900; x_wconf 89' lang='lat' dir='ltr'>Romanis</span> <span class='ocrx_word' id='word_1_240' title='bbox 763 2859 889 2902; x_wconf 87' lang='lat' dir='ltr'>erucem</span> <span class='ocrx_word' id='word_1_241' title='bbox 919 2859 985 2901; x_wconf 91' lang='lat' dir='ltr'>non</span> <span class='ocrx_word' id='word_1_242' title='bbox 1010 2843 1123 2923; x_wconf 90' lang='lat' dir='ltr'>posset</span> <span class='ocrx_word' id='word_1_243' title='bbox 1149 2841 1181 2904; x_wconf 92' lang='lat' dir='ltr'>in</span> <span class='ocrx_word' id='word_1_244' title='bbox 1195 2861 1219 2900; x_wconf 82' lang='lat' dir='ltr'>ro</span> 
     </span>
     <span class='ocr_line' id='line_1_32' title="bbox 180 2925 1182 3011; baseline 0.004 -22"><span class='ocrx_word' id='word_1_245' title='bbox 180 2927 266 3008; x_wconf 89' lang='lat' dir='ltr'>foro,</span> <span class='ocrx_word' id='word_1_246' title='bbox 294 2947 360 2990; x_wconf 93' lang='lat' dir='ltr'>non</span> <span class='ocrx_word' id='word_1_247' title='bbox 382 2926 417 2989; x_wconf 93' lang='lat' dir='ltr'>in</span> <span class='ocrx_word' id='word_1_248' title='bbox 439 2925 586 3009; x_wconf 87' lang='lat' dir='ltr'>comitio,</span> <span class='ocrx_word' id='word_1_249' title='bbox 612 2945 679 2989; x_wconf 92' lang='lat' dir='ltr'>non</span> <span class='ocrx_word' id='word_1_250' title='bbox 699 2925 735 2988; x_wconf 92' lang='lat' dir='ltr'>in</span> <span class='ocrx_word' id='word_1_251' title='bbox 756 2925 873 2990; x_wconf 87' lang='lat' dir='ltr'>rostris</span> <span class='ocrx_word' id='word_1_252' title='bbox 896 2925 1057 3011; x_wconf 82' lang='lat' dir='ltr'>defigere?</span> <span class='ocrx_word' id='word_1_253' title='bbox 1093 2926 1182 3002; x_wconf 82' lang='lat' dir='ltr'>Quod</span> 
     </span>
     <span class='ocr_line' id='line_1_33' title="bbox 182 3012 1181 3100; baseline 0.003 -23"><span class='ocrx_word' id='word_1_254' title='bbox 182 3014 268 3077; x_wconf 90' lang='lat' dir='ltr'>enim</span> <span class='ocrx_word' id='word_1_255' title='bbox 282 3013 334 3077; x_wconf 89' lang='lat' dir='ltr'>his</span> <span class='ocrx_word' id='word_1_256' title='bbox 353 3013 433 3077; x_wconf 90' lang='lat' dir='ltr'>locis</span> <span class='ocrx_word' id='word_1_257' title='bbox 452 3013 487 3077; x_wconf 95' lang='lat' dir='ltr'>in</span> <span class='ocrx_word' id='word_1_258' title='bbox 503 3012 671 3096; x_wconf 87' lang='lat' dir='ltr'>provincia</span> <span class='ocrx_word' id='word_1_259' title='bbox 689 3033 748 3077; x_wconf 87' lang='lat' dir='ltr'>sua</span> <span class='ocrx_word' id='word_1_260' title='bbox 766 3013 955 3078; x_wconf 86' lang='lat' dir='ltr'>celebritate</span> <span class='ocrx_word' id='word_1_261' title='bbox 975 3014 1181 3100; x_wconf 88' lang='lat' dir='ltr'>simillimum,</span> 
     </span>
     <span class='ocr_line' id='line_1_34' title="bbox 180 3101 1182 3186; baseline 0.004 -22"><span class='ocrx_word' id='word_1_262' title='bbox 180 3101 314 3186; x_wconf 78' lang='lat' dir='ltr'>regione</span> <span class='ocrx_word' id='word_1_263' title='bbox 343 3101 526 3184; x_wconf 86' lang='lat' dir='ltr'>proximum</span> <span class='ocrx_word' id='word_1_264' title='bbox 553 3101 674 3185; x_wconf 88' lang='lat' dir='ltr'>potuit,</span> <span class='ocrx_word' id='word_1_265' title='bbox 706 3101 818 3186; x_wconf 82' lang='lat' dir='ltr'>elegit3</span> <span class='ocrx_word' id='word_1_266' title='bbox 850 3107 1095 3167; x_wconf 88' lang='lat' dir='ltr'>monumentum</span> <span class='ocrx_word' id='word_1_267' title='bbox 1121 3126 1182 3168; x_wconf 78' lang='lat' dir='ltr'>sce</span> 
     </span>
     <span class='ocr_line' id='line_1_35' title="bbox 180 3188 1181 3276; baseline 0.005 -24"><span class='ocrx_word' id='word_1_268' title='bbox 180 3189 257 3252; x_wconf 89' lang='lat' dir='ltr'>leris</span> <span class='ocrx_word' id='word_1_269' title='bbox 278 3189 493 3272; x_wconf 87' lang='lat' dir='ltr'>audaciaeque</span> <span class='ocrx_word' id='word_1_270' title='bbox 511 3209 588 3252; x_wconf 88' lang='lat' dir='ltr'>suae</span> <span class='ocrx_word' id='word_1_271' title='bbox 606 3188 711 3254; x_wconf 87' lang='lat' dir='ltr'>voluit</span> <span class='ocrx_word' id='word_1_272' title='bbox 729 3209 799 3253; x_wconf 87' lang='lat' dir='ltr'>esse</span> <span class='ocrx_word' id='word_1_273' title='bbox 816 3189 852 3253; x_wconf 92' lang='lat' dir='ltr'>in</span> <span class='ocrx_word' id='word_1_274' title='bbox 870 3194 1043 3275; x_wconf 86' lang='lat' dir='ltr'>conspectu</span> <span class='ocrx_word' id='word_1_275' title='bbox 1060 3190 1181 3276; x_wconf 87' lang='lat' dir='ltr'>Italiae,</span> 
     </span>
     <span class='ocr_line' id='line_1_36' title="bbox 181 3274 1218 3362; baseline 0.001 -24"><span class='ocrx_word' id='word_1_276' title='bbox 181 3275 344 3340; x_wconf 88' lang='lat' dir='ltr'>vestibulo</span> <span class='ocrx_word' id='word_1_277' title='bbox 368 3274 510 3359; x_wconf 83' lang='lat' dir='ltr'>Siciliae,</span> <span class='ocrx_word' id='word_1_278' title='bbox 536 3277 812 3360; x_wconf 85' lang='lat' dir='ltr'>praetervectione</span> <span class='ocrx_word' id='word_1_279' title='bbox 835 3277 994 3362; x_wconf 92' lang='lat' dir='ltr'>omnium,</span> <span class='ocrx_word' id='word_1_280' title='bbox 1021 3279 1077 3362; x_wconf 90' lang='lat' dir='ltr'>qui</span> <span class='ocrx_word' id='word_1_281' title='bbox 1098 3281 1181 3345; x_wconf 89' lang='lat' dir='ltr'>ultro</span> <span class='ocrx_word' id='word_1_282' title='bbox 1194 3297 1218 3339; x_wconf 82' lang='lat' dir='ltr'>cs</span> 
     </span>
    </p>
   </div>
   <div class='ocr_carea' id='block_1_3' title="bbox 130 3362 551 3510">
    <p class='ocr_par' dir='ltr' id='par_1_3' title="bbox 130 3362 551 3510">
     <span class='ocr_line' id='line_1_37' title="bbox 130 3362 551 3480; baseline 0.005 -57"><span class='ocrx_word' id='word_1_283' title='bbox 130 3417 170 3480; x_wconf 68' lang='lat'>67</span> <span class='ocrx_word' id='word_1_284' title='bbox 182 3362 327 3460; x_wconf 73' lang='lat' dir='ltr'>citroque</span> <span class='ocrx_word' id='word_1_285' title='bbox 349 3362 551 3447; x_wconf 84' lang='lat' dir='ltr'>navigarent.</span> 
     </span>
     <span class='ocr_line' id='line_1_38' title="bbox 249 3445 284 3510; baseline 0 0"><span class='ocrx_word' id='word_1_286' title='bbox 249 3445 284 3510; x_wconf 81' lang='lat' dir='ltr'>Sl</span> 
     </span>
    </p>
   </div>
   <div class='ocr_carea' id='block_1_4' title="bbox 131 3448 1182 3541">
    <p class='ocr_par' dir='ltr' id='par_1_4' title="bbox 131 3448 1182 3541">
     <span class='ocr_line' id='line_1_39' title="bbox 131 3448 1182 3541; baseline 0.01 -32"><span class='ocrx_word' id='word_1_287' title='bbox 131 3492 179 3541; x_wconf 74' lang='lat'>171</span> <span class='ocrx_word' id='word_1_288' title='bbox 314 3448 394 3512; x_wconf 89' lang='lat' dir='ltr'>haec</span> <span class='ocrx_word' id='word_1_289' title='bbox 420 3471 486 3512; x_wconf 91' lang='lat' dir='ltr'>non</span> <span class='ocrx_word' id='word_1_290' title='bbox 514 3449 555 3512; x_wconf 90' lang='lat' dir='ltr'>ad</span> <span class='ocrx_word' id='word_1_291' title='bbox 582 3450 668 3514; x_wconf 82' lang='lat' dir='ltr'>cives</span> <span class='ocrx_word' id='word_1_292' title='bbox 690 3449 870 3534; x_wconf 86' lang='lat' dir='ltr'>Romanos,</span> <span class='ocrx_word' id='word_1_293' title='bbox 901 3474 968 3517; x_wconf 91' lang='lat' dir='ltr'>non</span> <span class='ocrx_word' id='word_1_294' title='bbox 995 3453 1036 3518; x_wconf 88' lang='lat' dir='ltr'>ad</span> <span class='ocrx_word' id='word_1_295' title='bbox 1062 3455 1182 3539; x_wconf 86' lang='lat' dir='ltr'>aliquos</span> 
     </span>
    </p>
   </div>
   <div class='ocr_carea' id='block_1_5' title="bbox 0 0 1324 3884">
    <p class='ocr_par' dir='ltr' id='par_1_5' title="bbox 0 0 1324 3884">
     <span class='ocr_line' id='line_1_40' title="bbox 0 0 1324 3884; baseline 0 0"><span class='ocrx_word' id='word_1_296' title='bbox 0 0 1324 3884; x_wconf 95' lang='lat' dir='ltr'> </span> 
     </span>
    </p>
   </div>
  </div>
 </body>
</html>
