2564 3876
156 192 200 256 56
325 187 398 244 PRO
418 185 496 242 SEX.
514 185 646 242 ROSCIO
665 185 834 242 AMERINO
854 185 999 246 ORATIO.

157 335 221 421 qui.
243 339 281 402 ut
299 337 369 398 tute
387 332 476 416 dicis,
497 353 676 416 numquam
698 332 784 399 inter
806 331 955 398 homines
977 331 1085 417 fuerit,
1106 354 1172 418 per

157 445 237 509 quos
261 421 409 488 homines
432 420 495 485 hoc
517 423 647 485 tantum
670 419 805 503 facinus,
826 425 896 486 tam
919 422 1090 500 occultum,
1112 421 1172 486 ab·

157 533 230 578 sans
248 509 451 597 praesertim,
474 508 630 574 conficere
652 508 806 593 potuerit.
845 507 952 574 Multa
975 513 1052 575 sunt
1073 509 1173 590 falsa,

156 599 291 683 iudices,
319 619 401 683 quae
429 600 540 662 tamen
565 595 660 683 argui
682 596 858 683 suspiciose
881 601 1033 683 possunt3
1058 597 1093 662 in
1115 597 1174 662 his
1260 639 1263 720 q

157 688 254 753 rebus
271 687 300 752 si
318 685 458 770 suspicio
476 689 606 769 reperta
624 685 695 769 erit,
714 686 843 771 culpam
860 685 967 751 inesse
985 685 1202 753 concedam
1262 721 1263 726 κ

156 775 281 842 Romae
304 772 375 840 Sex.
393 773 530 839 Roscius
557 773 726 858 occiditur,
754 795 827 838 oum
849 773 885 838 in
907 795 988 860 agro
1011 774 1174 840 Amerino
1263 755 1264 848 l

158 867 245 930 esset
270 862 367 928 filius.
407 861 564 944 Litteras,
592 861 700 945 oredo,
724 861 815 927 misit
838 861 936 928 elicui
958 863 1089 946 sicario,
1112 862 1174 947 qui
1264 872 1265 956 l

157 952 281 1019 Romae
307 954 444 1017 noverat
465 949 636 1015 neminem.
677 949 857 1017 Arcessivit
880 950 1031 1034 aliquem.
1073 951 1174 1032 Quem
1264 957 1265 960 ’

158 1045 215 1107 aut
248 1040 398 1125 quando?
433 1037 594 1104 Nuntium
621 1037 720 1104 misit.
766 1037 869 1114 Quem
897 1042 954 1103 aut
981 1039 1022 1104 ad
1050 1039 1173 1123 quem?

157 1129 282 1213 Pretio,
305 1127 426 1214 gratia,
449 1148 520 1212 spe,
541 1125 711 1212 promissis
734 1126 861 1191 induxit
884 1126 1034 1210 aliquem.
1075 1125 1172 1191 Nihil
1188 1145 1215 1184 ιο
1266 1103 1267 1190 i

157 1218 275 1283 horum
292 1238 333 1280 ne
354 1214 496 1300 confingi
518 1214 649 1299 quidem
670 1217 794 1299 potest3
819 1218 852 1280 at
874 1216 986 1280 tamen
1008 1236 1108 1281 causa
1130 1215 1173 1280 de
1267 1221 1268 1286 l

157 1304 331 1392 parricidio
355 1303 482 1368 dicitur.
1268 1338 1269 1382 q

104 1404 139 1452 ‘1⁷
224 1392 400 1475 Reliquum
426 1393 490 1475 est,
518 1393 556 1455 ut
577 1411 636 1475 per
658 1410 769 1454 servos
793 1389 826 1454 id
849 1389 1025 1455 admiserit.
1066 1389 1109 1474 O,
1137 1390 1173 1456 di
1269 1454 1270 1482 ,

158 1480 370 1563 immortales,
388 1500 459 1544 rem
477 1478 629 1544 miseram
648 1481 681 1542 et
700 1477 935 1562 calamitosam,
953 1477 1040 1562 quod
1058 1479 1095 1543 in
1107 1479 1172 1543 tali
1269 1493 1270 1496 ’

158 1568 301 1652 crimine,
324 1566 411 1650 quod
427 1566 654 1632 innocentibus
674 1566 773 1630 saluti
791 1567 876 1630 solet
894 1587 974 1650 esse,
996 1570 1034 1632 ut
1057 1587 1171 1632 servos
1187 1585 1214 1630 u·
1270 1570 1271 1600 ¹

157 1656 192 1723 in
211 1655 434 1740 quaestionem
452 1654 677 1740 polliceantur,
700 1652 733 1717 id
752 1651 823 1718 Sex.
840 1653 958 1720 Roscio
977 1653 1085 1720 facere
1103 1676 1173 1720 non
1271 1686 1272 1728 r

158 1744 250 1812 licetl
268 1743 347 1830 Vos,
359 1744 414 1828 qui
425 1743 511 1808 hunc
524 1743 691 1825 accusatis,
705 1742 809 1808 omnis
821 1742 890 1807 eiua
902 1763 1012 1808 servos
1024 1742 1173 1826 habetis;
1272 1804 1273 1834 ,

157 1855 241 1898 unus
278 1854 336 1898 uer
348 1832 454 1897 victus
468 1830 623 1897 cotidiani
638 1829 855 1911 [ad]minister
874 1851 912 1896 ex
930 1834 1025 1896 tanta
1041 1830 1174 1896 familia

158 1919 228 1986 Sex.
308 1921 375 1986 scio
407 1919 540 1984 relictus
571 1940 638 1984 non
669 1922 728 1984 eat.
769 1916 814 1983 Te
842 1940 928 1986 nunc
955 1919 1102 2004 appello,
1133 1918 1172 1984 P.
1273 1920 1274 1942 ¹

158 2007 280 2093 Scipio,
302 2012 350 2092 ta,
372 2008 419 2072 M.
438 2005 584 2090 Metelle;
606 2006 700 2072 vobis
724 2006 904 2090 advocatis,
927 2007 1021 2072 vobis
1045 2008 1171 2094 agenti·
1186 2027 1214 2066 ro

157 2097 219 2162 bus
243 2095 439 2179 aliquotiens
470 2094 549 2159 duos
575 2115 685 2158 servos
708 2098 863 2181 paternos
886 2095 921 2160 in
943 2095 1172 2179 quaestionem

158 2184 200 2249 ab
228 2181 421 2248 adversariis
449 2179 519 2246 Sex.
542 2180 679 2247 Roscius
706 2183 903 2266 postularit3
930 2183 1172 2249 meministisne

158 2271 194 2337 Τ.
207 2269 362 2335 Roscium
380 2269 551 2334 recusare?
584 2268 690 2345 Quid?
713 2270 737 2335 ii
756 2271 841 2336 servi
863 2271 921 2336 ubi
943 2271 1041 2337 sunt?
1065 2271 1172 2356 Chry·

158 2379 327 2445 sogonum,
345 2357 475 2440 iudices,
499 2360 679 2441 sectantum
701 2359 787 2443 apud
806 2381 879 2425 eum
898 2364 974 2424 sunt
991 2359 1027 2424 in
1043 2359 1171 2426 honore

158 2449 192 2511 et
219 2445 253 2509 in
280 2445 396 2529 pretio.
440 2444 551 2512 Etiam
575 2467 674 2529 nuno,
700 2450 739 2511 ut
762 2469 801 2512 ex
822 2447 863 2512 iis
887 2450 1077 2532 quaeratur,
1105 2469 1169 2535 ego
1185 2466 1214 2507 εὑ

103 2560 138 2610 ⁶18
157 2533 304 2620 postulo,
330 2533 384 2599 hic
412 2537 485 2598 orat
512 2537 609 2618 atque
637 2534 795 2600 obsecrat.
841 2535 926 2612 Quid
947 2534 1079 2602 facitis?
1112 2559 1171 2603 our

157 2621 338 2688 recusatis?
378 2621 536 2688 Dubitate
560 2623 659 2688 etiam
680 2643 780 2706 nunc,
807 2622 942 2708 iudices,
967 2624 997 2688 si
1018 2626 1171 2709 potestis,

156 2732 265 2865 ll?
278 2707 426 2865 itit·
445 2710 743 2864 treacle
760 2711 1171 2868 {tutatuta

156 2909 198 2953 ne
230 2888 404 2973 quaerendi
431 2821 561 2971 quiderir
589 2887 628 2952 dc
654 2890 760 2953 morte
786 2888 891 2972 patris
918 2851 1169 2975 potestas’per-
1184 2908 1212 2947 ω

157 2975 218 3041 mit
234 2976 314 3060 itur,
342 2998 384 3041 an
411 2976 452 3040 ab
480 2975 535 3059 iia,
562 2975 619 3059 qui
645 2975 868 3059 quaestionem
895 2975 1052 3062 fugitant,
1081 2978 1172 3044 bona

155 3064 338 3148 possident,
369 3064 403 3129 in
435 3063 531 3128 caede
559 3068 656 3147 atque
684 3085 722 3128 ex
750 3064 845 3130 caede
872 3064 996 3130 vivunt.
1040 3063 1172 3151 Omnia,

92 3233 94 3237 ι
156 3151 286 3235 iudices,
304 3152 340 3216 in
352 3151 414 3216 hac
428 3173 526 3218 causa
544 3155 620 3216 sunt
638 3152 757 3218 misera
775 3156 873 3237 atquo
890 3151 1039 3240 indigna3
1056 3157 1171 3221 tamen

156 3238 218 3304 hoo
231 3239 315 3306 nihil
328 3261 433 3323 neque
448 3238 594 3305 acerbius
609 3261 714 3324 neque
727 3239 870 3325 iniquius
887 3241 1027 3326 proferri
1044 3247 1170 3326 potest:

157 3327 272 3392 mortis
286 3331 443 3411 paternae
462 3327 501 3392 de
520 3327 622 3392 servis
640 3328 785 3410 paternis
804 3329 1027 3412 quaestionem
1045 3329 1171 3398 habere
1184 3349 1214 3390 ⁸⁵

155 3411 224 3477 filio
248 3434 315 3477 non
341 3413 432 3479 licetl
472 3412 524 3478 Ne
550 3417 621 3478 tam
644 3414 699 3479 diu
722 3415 851 3498 quidem
874 3416 1023 3482 dominus
1047 3418 1111 3483 erit
1133 3419 1171 3484 in

155 3517 242 3582 suos,
265 3499 341 3564 dum
360 3500 457 3564 exiis
481 3500 520 3565 dc
542 3501 646 3584 patris
669 3505 775 3566 morte
798 3505 994 3586 quaeratur?
1017 3504 1172 3590 Veniam,
