2622 3884
200 127 266 194 384
495 125 534 180 IN
555 125 583 181 O.
603 124 757 182 VERREM
775 125 854 182 AOT.
874 125 920 180 11„

201 271 400 340 abstinentia
414 271 567 355 dixeram,
586 271 705 357 sigillis
721 271 843 337 avulsis
857 271 1021 357 reliqum
1037 274 1210 359 argentum
1295 263 1296 324 l

146 378 180 429 a
201 363 269 428 sua
283 362 352 427 uria
366 360 507 426 avarita
524 359 673 425 recusa.
705 358 810 435 ouer
835 359 1017 444 Eupolemo
1032 358 1210 444 caracam,

199 449 324 516 homini
344 449 455 533 nobili,
477 448 687 514 Lucullorum
705 448 829 533 hospiti
850 470 887 514 ac
909 448 1131 535 perfamiliari,
1155 449 1210 534 qui

199 554 285 604 nunc
312 537 398 623 apud
425 537 602 604 exercitum
628 559 701 603 cum
723 536 759 601 L.
777 536 913 602 Lucullo
941 542 1004 621 est,
1031 559 1099 603 non
1125 537 1210 602 idem

199 627 299 694 fecit?
336 625 483 692 Cenabat
501 626 587 712 apud
606 648 693 710 eum;
716 630 889 712 argentum
907 625 965 691 illc
987 629 1132 692 ceterum
1155 647 1234 711 pus

199 739 289 801 rum,
310 715 518 800 adposuerat,
552 737 594 780 ne
625 736 725 799 purus
757 714 828 798 ipre
859 713 1111 799 relinqueretur,
1148 714 1210 780 duo

200 805 318 891 pocula
348 826 416 870 non
447 825 581 890 magna,
612 825 725 868 uerum
757 804 869 867 tamen
900 825 974 869 cum
1006 803 1210 869 emblemate.

200 893 264 960 Hic
281 897 451 977 tamquam
467 892 622 958 festivom
641 913 800 973 acroama,
822 913 863 956 ne
882 891 952 957 sine
975 892 1149 957 corollario
1173 892 1211 957 do

200 982 348 1048 convivio
362 981 548 1065 discederet,
561 979 682 1045 ibidem
697 979 841 1045 convivis
856 981 1079 1065 spectantibus
1094 981 1212 1047 emble·

201 1074 292 1136 mata
314 1069 481 1136 evellenda
503 1068 637 1134 curavit.
975 1091 981 1105 ‘
1226 1090 1247 1130 ro

266 1157 381 1243 Neque
394 1179 454 1243 ego
468 1179 553 1222 nunc
566 1157 661 1222 istius
675 1156 764 1221 facta
776 1157 886 1222 omnia
900 1178 1088 1222 enumerare
1103 1179 1212 1242 conor,

201 1269 304 1331 neque
336 1268 417 1331 opus
445 1248 495 1310 est
521 1267 580 1310 nec
606 1244 678 1309 fieri
704 1245 774 1310 ullo
801 1244 897 1310 modo
924 1249 1048 1330 potest,
1081 1249 1213 1311 tantum

200 1336 296 1400 unius
328 1334 481 1417 cuiusque
514 1332 553 1397 dc
579 1332 672 1398 varia
697 1333 909 1418 improbitate
936 1334 1064 1420 generis
1092 1334 1213 1400 indicia
1295 1375 1296 1410 3

201 1422 287 1508 apud
319 1443 377 1488 vos
409 1425 444 1486 et
476 1421 623 1506 exempla
653 1421 793 1506 profero.
844 1420 957 1506 Neque
988 1423 1075 1490 enim
1100 1423 1150 1488 ita
1179 1445 1213 1490 sc

135 1588 137 1591 ’
201 1509 914 1683 §sustulissemusttius
931 1510 1213 1684 {ltltltttl
1227 1531 1296 1586 ¹⁵

388 1649 398 1683 7
708 1649 717 1684 r
1295 1649 1296 1668 ¹

201 1692 287 1752 esset
313 1687 443 1752 futurus
472 1689 541 1771 aut,
574 1708 650 1771 quo
664 1688 760 1770 plura
788 1687 990 1771 abstulisset,
1020 1710 1058 1756 eo
1086 1689 1212 1754 minore
1295 1691 1296 1750 l

200 1775 345 1862 periculo
372 1775 406 1840 in
433 1774 587 1841 iudicium
614 1780 768 1841 venturus
797 1779 897 1860 esset3
925 1775 981 1860 qui
1006 1775 1100 1862 haec,
1130 1800 1212 1863 quae
1295 1853 1296 1860 ἵ

201 1865 285 1950 dico,
312 1865 379 1930 iam
405 1884 472 1929 non
500 1863 637 1946 occulte,
663 1885 730 1929 non
756 1885 815 1948 per
842 1863 963 1929 amieos
991 1869 1089 1950 atque
1113 1866 1213 1931 inter·

201 1957 322 2038 protes,
350 1953 407 2019 sed
434 1953 545 2037 palam
573 1951 611 2017 de
638 1951 710 2017 loco
739 1951 904 2036 superiore
930 1957 1043 2038 ageret
1069 1975 1130 2038 pro
1154 1954 1213 2020 im-
1226 1974 1250 2013 so
1295 1985 1296 2032 r

148 2042 291 2158 23perio
315 2045 349 2106 et
371 2044 544 2126 potestate.
584 2127 591 2142 .
753 2127 759 2141 .
1295 2037 1296 2122 l

148 2171 182 2220 50
269 2129 418 2195 Catinam
433 2151 506 2194 eum
520 2131 670 2212 vemsset,
684 2127 840 2212 opprdum
854 2129 1008 2214 locuples,
1027 2129 1228 2221 honestum„
1295 2123 1296 2150 ¹

201 2218 382 2303 copiosum,
409 2215 683 2301 Dionysiarchum
711 2216 751 2280 ad
779 2237 813 2280 se
836 2238 1048 2303 proagorum,
1074 2217 1138 2284 hoc
1162 2225 1214 2285 est
1295 2233 1296 2264 ³

201 2327 364 2371 summum
378 2305 619 2389 magistratum,
636 2303 745 2370 uocari
763 2303 866 2388 iubet3
885 2305 915 2370 ei
932 2306 1043 2390 palam
1060 2306 1214 2394 imperat,
1295 2325 1296 2370 l

200 2397 238 2458 ut
256 2415 351 2496 omne
370 2395 552 2479 argentum,
576 2391 662 2476 quod
680 2391 766 2476 apud
784 2414 943 2478 quemque
967 2397 1053 2459 esset
1067 2392 1214 2482 (latinae,
1228 2413 1252 2454 aa

200 2480 624 2654 tttlfftltttdl,
646 2481 1215 2657 riri⁵r0rlzuuuafhz
1295 2591 1296 2632 ,

200 2661 285 2744 tute,
311 2658 461 2742 pecunia,
487 2679 554 2723 non
578 2657 640 2722 hoc
661 2656 747 2722 idem
770 2657 913 2723 iuratum
937 2658 1041 2724 110010
1064 2659 1214 2747 audistis,
1295 2729 1296 2734 ,

202 2746 266 2812 sibi
287 2746 388 2811 istum
409 2745 577 2832 negotium
601 2745 725 2810 dedisse
749 2749 847 2830 atque
869 2745 1057 2832 imperasse,
1079 2747 1213 2815 1110011-

200 2835 367 2920 turipinis,
394 2834 428 2900 in
451 2833 583 2902 civitate
606 2833 708 2899 totius
732 2831 860 2900 Siciliae
883 2835 988 2901 multo
1011 2835 1155 2902 maxima
1178 2843 1214 2904 et
1228 2857 1252 2898 eo

201 2922 472 3008 locupletissima,
500 2943 595 2987 omne
623 2926 793 3009 argentum
822 2923 1025 3008 conquireret
1051 2926 1086 2989 et
1111 2925 1153 2990 01
1177 2949 1213 2992 so
1295 2939 1296 2948 ’

201 3010 387 3095 conportari
417 3010 565 3076 iuberet?
610 3009 735 3096 Agyrio
769 3010 919 3076 similiter
949 3011 1045 3077 istius
1072 3012 1213 3098 imperio

200 3121 281 3164 vasa
294 3097 466 3164 Corinthia
478 3120 537 3182 per
546 3098 792 3182 Apollodorum,
811 3121 906 3184 quem
925 3103 1045 3165 testem
1063 3102 1213 3188 audistis,

148 3189 181 3239 51
202 3185 377 3270 Syracusas
415 3186 587 3271 deportata
619 3189 702 3251 sunt.
751 3185 815 3252 Illa
846 3209 922 3253 vero
955 3193 1091 3273 optuma
1123 3191 1213 3276 [est],

202 3273 300 3358 quod,
328 3296 402 3339 cum
423 3273 619 3339 Haluntium
645 3273 788 3339 venisset
814 3280 946 3360 praetor
969 3277 1154 3342 laboriosus
1178 3284 1213 3344 et
1227 3295 1250 3337 ³⁶

201 3361 353 3446 diligens,
380 3361 450 3446 ipse
475 3361 511 3426 in
534 3361 688 3446 oppidum
710 3361 816 3427 noluit
840 3363 1003 3449 accedero,
1030 3365 1213 3448 quoderat
1295 3395 1296 3402 ¹

201 3447 325 3513 difficili
340 3469 475 3514 ascensu
489 3452 587 3533 atque
602 3448 711 3532 arduo,
721 3448 969 3538 Archagathum
983 3451 1214 3542 Haluntinum,
