2600 3878
366 189 435 246 111.
454 190 495 245 111
521 190 597 246 111.
613 197 717 247 11-11
736 199 751 259 s
772 197 923 249 111-114.
1085 193 1151 258 345

137 341 171 402 et
185 359 311 402 mecum
325 335 405 402 duos
419 336 660 422 frugalissimos
674 337 822 402 homines
842 338 965 403 scribas
984 338 1149 424 haberem,
1210 361 1213 369 ’

136 425 173 490 L.
199 425 382 490 Mamilium
415 428 448 489 et
474 423 510 490 L.
535 423 697 511 Sergium,
728 447 794 490 111
826 427 921 491 modo
953 427 1035 492 istas
1069 427 1149 493 duas

138 513 438 598 quinquagesimas,
472 513 529 578 sed
561 513 692 578 omnino
723 537 893 579 nummum
923 517 1051 581 nullum
1083 517 1149 582 cui-

139 624 237 686 quam
265 623 335 666 esse
361 601 541 666 deductum.
587 601 736 667 Dicerem
758 603 821 668 hoc
844 603 925 668 mihi
947 607 1055 669 totum
1078 603 1202 670 esse'19

111 690 396 773 aadtribuendum,
414 689 543 773 iudices,
563 689 591 754 si
609 690 659 753 illi
678 713 833 775 umquam
851 691 913 756 hoe
931 715 951 757 a
970 715 1021 757 me
1040 697 1150 777 postu·

138 779 272 861 lassent,
290 778 320 842 si
333 800 488 861 umquam
503 778 633 843 omnino
648 779 857 863 cogitassent.
887 778 991 854 Quam
1006 781 1132 847 obrem
1152 785 1202 836 183

139 867 225 931 enim
244 866 351 930 scriba
369 866 515 949 deducat,
538 869 571 930 et
588 887 655 930 non
672 867 782 952 potius
801 867 912 951 mulio,
936 868 992 952 qui
1011 868 1150 955 advexit,

139 957 230 1036 [non]
241 954 443 1038 tabellarius,
451 954 541 1018 cuius
552 953 692 1019 adventu
702 955 856 1020 certiores
864 954 946 1020 facti
954 957 1150 1042 petiverunt,

137 1065 264 1128 praeco,
283 1043 441 1126 qu1ad1re
459 1048 564 1127 russ1t,
584 1042 692 1106 viator
710 1047 768 1108 aut
776 1042 943 1126 Venerius,
963 1045 1019 1128 qui
1036 1045 1151 1110 fiscum

99 1149 125 1189 10
140 1131 295 1196 sustulit?
320 1153 401 1214 quae
420 1153 497 1215 pars
516 1152 633 1216 operae
653 1134 709 1195 aut
728 1132 962 1216 oportunitatis
985 1133 1020 1196 in
1043 1134 1151 1198 scriba

138 1224 202 1304 est,
235 1242 291 1285 cur
323 1220 353 1284 11
383 1241 451 1284 111
477 1219 573 1285 modo
602 1241 723 1284 merces
751 1223 846 1285 tanta
873 1221 979 1302 detur,
1013 1221 1151 1287 sedeur

138 1331 212 1374 oum
240 1330 277 1373 eo
305 1311 417 1372 tantae
444 1308 598 1392 pecuniae
623 1308 760 1393 partitio
782 1308 863 1374 fiat?
909 1308 995 1374 Ordo
1019 1313 1070 1374 est
1091 1310 1151 1374 ho-

137 1401 259 1462 nestus.
301 1395 380 1472 Quis
412 1400 525 1482 negat,
558 1398 615 1462 aut
648 1397 724 1481 quid
756 1420 795 1463 ea
821 1419 874 1462 res
902 1397 943 1462 ad
969 1398 1054 1464 hanc
1081 1421 1151 1476 rem

137 1486 302 1571 pertinet?
342 1485 405 1550 Est
431 1507 508 1550 vero
536 1485 706 1570 honestus,
734 1486 819 1570 quod
847 1507 959 1550 eorum
981 1486 1151 1552 hominum

99 1591 124 1631 15
138 1574 213 1638 fidei
231 1574 364 1639 tabulae
387 1573 537 1658 publicae
560 1574 767 1658 periculaque
790 1575 1043 1659 magistratuum
1067 1597 1152 1640 com-

139 1663 322 1726 mittuntur.
363 1660 480 1746 Itaque
506 1684 545 1726 ex
566 1663 619 1726 his
643 1662 772 1745 scribis,
800 1662 856 1746 qui
879 1663 969 1748 digni
993 1667 1069 1728 sunt
1091 1663 1150 1728 illo

140 1750 263 1834 ordine,
291 1750 440 1835 patribus
467 1749 625 1834 familias,
651 1750 730 1815 viris
755 1751 850 1815 bonis
874 1754 972 1834 atque
994 1751 1152 1836 honestis,

138 1838 388 1924 percontamini,
416 1838 492 1922 quid
517 1839 584 1903 sibi
611 1839 694 1904 istae
722 1839 1010 1925 quinquagesimae
1034 1839 1151 1923 velint3

137 1927 205 1991 iam
223 1926 374 1992 omnibus
397 1926 598 2012 intellegetis
620 1949 740 1992 novam
763 1949 833 1991 rem
855 1930 961 1992 totam
984 1930 1082 2011 atquo
1104 1927 1151 1992 in·

98 2033 125 2072 11
140 2016 273 2102 dignam
293 2015 404 2080 videri.
441 2014 494 2079 Ad
518 2037 573 2080 eos
596 2038 648 2080 me
672 2015 794 2080 scribas
818 2037 942 2099 revoca,
965 2015 994 2079 si
1016 2015 1204 2100 placetum

138 2104 207 2168 noli
220 2104 281 2169 hos
296 2103 459 2190 colligere,
479 2104 535 2187 qui
547 2103 724 2168 nummulis
740 2103 921 2190 corrogatis
939 2103 977 2167 de
995 2107 1151 2188 nepotum

139 2193 232 2258 donis
265 2215 302 2258 ac
335 2192 373 2256 de
405 2192 626 2257 scaenicorum
658 2191 854 2276 corollariis,
886 2215 959 2258 cum
988 2192 1152 2257 decuriam

139 2284 299 2364 emerunt,
332 2302 371 2344 ex
402 2281 509 2364 primo
540 2281 652 2345 ordine
680 2280 888 2364 explosorum
914 2280 949 2344 in
977 2281 1151 2346 seeundum

139 2369 285 2435 ordinem
299 2368 442 2433 civitatis
462 2369 641 2434 sevenisse
660 2368 779 2434 dicunt.
814 2368 882 2434 Eos
901 2369 1024 2434 scribas
1043 2373 1151 2435 tecum

97 2483 124 2524 aa
139 2458 373 2542 disceptatores
396 2456 492 2520 huius
516 2457 659 2522 criminis
682 2457 820 2543 habebo,
843 2457 899 2542 qui
921 2458 1003 2522 istos
1028 2458 1150 2523 scribas
1256 2541 1258 2546 Ι

139 2567 210 2611 1111
237 2546 374 2611 moleste
401 2545 519 2610 ferunt.
560 2544 718 2629 Tametsi,
746 2568 818 2611 cum
845 2546 881 2610 in
907 2567 945 2611 eo
969 2546 1080 2610 ordine
1103 2547 1151 2611 vi-

139 2635 271 2699 deamus
295 2655 365 2698 esse
387 2633 510 2698 multos
532 2655 599 2698 non
621 2634 768 2717 idoneos,
792 2635 847 2718 qui
870 2634 948 2699 ordo
971 2634 1151 2699 industriae

138 2722 327 2808 propositus
353 2725 459 2786 estet
483 2721 650 2808 dignitati,
678 2723 870 2787 mirabimur
892 2723 998 2806 turpis
1022 2723 1150 2805 aliquos

137 2811 185 2877 ibi
217 2832 300 2894 esse,
333 2832 396 2894 quo
429 2810 530 2875 cuivis
562 2811 669 2895 pretio
696 2811 773 2876 licet
800 2811 990 2896 pervenire?
1036 2809 1085 2874 Tu
1111 2807 1203 2874 11180

97 2926 125 2966 eo
138 2899 275 2985 pecunia
293 2898 424 2983 publica
442 2897 498 2961 Hs
517 2899 695 2964 terdeciens
715 2899 854 2964 scribam
873 2902 967 2963 tuum
989 2897 1151 2981 permissu

138 2993 195 3053 tuo
225 3010 297 3053 cum
325 2986 499 3051 abstulisse
526 2987 664 3072 fateare,
691 2989 850 3072 reliquam
877 2986 940 3050 tibi
966 2986 1069 3050 ullam
1097 2985 1149 3050 de·

137 3077 319 3142 fensionem
332 3078 429 3160 putas
448 3075 539 3140 esse?
562 3076 625 3142 hoc
643 3097 839 3161 quemquam
857 3075 942 3139 ferre
960 3079 1065 3158 posse,
1088 3074 1150 3140 hoc

138 3187 334 3250 quemquam
363 3163 499 3247 denique
525 3187 610 3230 nune
633 3168 764 3228 tuorum
786 3163 1017 3228 advocatorum
1041 3163 1149 3228 animo

139 3276 241 3337 aequo
262 3253 372 3318 audire
391 3252 560 3335 arbitrare,
584 3275 648 3336 qua
669 3252 705 3316 in
728 3251 861 3317 civitate
880 3249 913 3316 Ο.
929 3249 1054 3335 Catoni,
1078 3274 1150 3317 con-

96 3368 123 3410 11
138 3343 242 3408 sulari
263 3341 402 3424 homini,
428 3341 609 3406 clarissimo
632 3340 717 3424 viro,
739 3337 796 3404 HS
818 3341 890 3404 VfI‘I
912 3340 953 3404 lis
978 3340 1150 3406 aestimata

138 3432 195 3515 sit,
221 3431 257 3494 in
284 3431 396 3495 eadem
420 3429 552 3494 civitate
576 3428 757 3513 apparitori
779 3433 836 3493 tuo
861 3449 930 3494 esse
953 3451 1150 3515 concessum,

136 3523 175 3584 ut
197 3517 252 3583 HS
275 3518 455 3583 terdeciens
478 3539 542 3582 uno
565 3517 695 3582 nomine
719 3515 884 3584 auferret?
945 3569 948 3574 .
