2590 3884
177 225 240 288 138
413 221 454 275 IN
474 220 503 276 0.
523 220 678 276 VERREM
695 219 804 275 ACTIO
821 218 945 275 PRIMA.

175 367 256 434 meis
288 370 373 450 tum,
405 387 478 431 cum
510 365 688 431 admissum
720 364 795 448 erit,
827 362 963 429 dedecus
997 384 1108 428 severe
1135 383 1189 428 me

174 459 419 541 persecuturum
451 475 522 520 esse
553 453 722 539 polliceor,
754 452 788 516 id
818 474 859 518 ne
895 452 1034 534 accidat,
1063 455 1102 516 tu
1130 455 1189 516 tua

67 567 72 576 ·
174 543 383 627 auctoritate,
417 542 591 627 sapientia,
623 540 805 626 diligentia,
835 540 888 606 Μ’.
915 539 1064 623 Glabrio,
1091 543 1187 625 potes

173 631 352 717 providere.
389 627 522 716 Suscipe
541 651 672 695 causam
689 628 891 713 iudiciorum,
909 628 1037 713 suscipe
1053 649 1187 693 causam

174 719 368 802 severitatis,
387 717 597 804 integritatiS,
615 717 699 800 fidei,
717 717 896 803 religionis,
912 717 1039 801 suscipe
1053 737 1217 782 causams

173 812 314 890 senatus,
332 810 370 872 ut
387 807 416 873 is
434 807 496 872 hcc
509 806 627 870 iudicio
640 805 799 890 probatus
813 827 886 870 cum
900 805 1022 889 populo
1036 804 1186 869 Romano

173 900 207 961 et
229 896 264 960 in
286 895 381 960 laude
404 895 495 959 etin
517 893 625 979 gratia
653 914 724 958 esse
750 893 868 978 possit3
896 893 1019 979 cogita,
1047 893 1104 976 qui
1131 893 1187 977 ais,

174 1005 238 1069 quo
260 985 332 1049 loco
356 983 410 1068 sis,
433 983 510 1067 quid
533 982 609 1046 dare
627 982 749 1066 populo
771 981 928 1065 Romano,
952 981 1029 1065 quid
1051 980 1187 1045 reddere

174 1072 352 1137 maioribus
375 1070 440 1136 tuis
464 1071 596 1154 debeas3
617 1068 670 1134 fac
693 1069 755 1134 tibi
776 1072 932 1155 paternae
954 1068 1037 1154 legis
1058 1067 1187 1134 Aciliae

173 1161 283 1225 veniat
304 1160 339 1224 in
362 1163 512 1243 mentem,
535 1180 600 1242 qua
621 1157 695 1244 lege
716 1157 856 1243 populus
879 1156 1045 1222 Romanus
1069 1157 1109 1222 de
1131 1179 1186 1242 pe
1201 1184 1228 1223 ro

173 1249 276 1313 cuniis
305 1247 491 1331 repetundis
518 1245 651 1332 optimis
678 1245 804 1312 iudiciis
832 1245 1108 1329 severissimisque
1138 1245 1187 1310 iu-

120 1336 297 1401 radicibus
325 1357 402 1399 usus
430 1339 489 1400 est
533 1333 755 1400 Circumstant
780 1338 815 1398 te
842 1355 986 1398 summae
1010 1333 1187 1398 auctorita·

172 1429 235 1508 tes,
269 1444 351 1507 quae
380 1427 413 1487 te
441 1422 590 1488 oblivisci
616 1421 722 1488 laudis
750 1421 945 1487 domesticae
972 1442 1038 1486 non
1066 1422 1187 1506 sinant,
1290 1493 1291 1496 Ἴ

172 1532 255 1596 quae
281 1515 315 1575 te
345 1514 456 1576 noctes
480 1511 612 1595 diesque
634 1514 861 1576 commoneant
882 1508 1100 1575 fortissimum
1123 1510 1187 1575 tibi

171 1602 313 1685 patrem,
340 1598 617 1684 sapientissimum
644 1621 753 1682 avum,
781 1598 1011 1684 gravissimum
1034 1619 1226 1664 socerumrs
1290 1655 1291 1682 ἶ

171 1687 280 1753 fruare.
317 1686 424 1764 Quare
447 1687 475 1751 si
499 1687 685 1752 Glabrionis
708 1686 813 1772 patris
833 1686 900 1752 vim
920 1689 953 1750 et
971 1686 1187 1753 acrimoniam

171 1776 293 1862 ceperis
319 1775 359 1840 ad
381 1775 595 1840 resistendum
617 1774 803 1840 hominibus
827 1772 1060 1859 audacissimis,
1084 1774 1114 1840 si
1132 1775 1187 1841 avi

172 1863 346 1930 Scaevolae
369 1863 574 1950 prudentiam
598 1863 640 1928 ad
661 1861 905 1948 prospiciendas
927 1862 1078 1946 insidias,
1102 1884 1186 1947 quae

171 1957 246 2018 tuae
268 1958 366 2036 atque
384 1952 501 2017 horum
518 1952 626 2016 famae
644 1954 883 2037 comparantur,
906 1949 934 2014 si
953 1951 1057 2016 soceri
1071 1948 1186 2017 Scauri

171 2040 403 2124 constantiam,
434 2044 472 2104 ut
496 2062 538 2105 ne
566 2039 638 2124 quis
665 2042 699 2104 te
727 2039 765 2104 de
792 2042 924 2103 verast
955 2042 1045 2103 certa
1077 2041 1185 2124 possit
1198 2064 1224 2104 aa

171 2129 333 2194 sententia
360 2128 542 2211 demovere,
573 2127 744 2213 intelleget
774 2126 915 2211 populus
942 2125 1111 2192 Romanus
1139 2127 1186 2192 in-

170 2217 345 2300 tegerrimo
369 2220 467 2300 atque
483 2215 716 2281 honestissimo
734 2220 884 2300 praetore
902 2214 1092 2298 delectoque
1112 2237 1186 2282 con·

171 2303 244 2369 silio
266 2305 397 2386 nocenti
415 2325 470 2369 rec
490 2303 747 2390 magnitudinem
765 2302 919 2387 pecuniae
936 2303 1010 2387 plus
1029 2302 1186 2369 habuisse

170 2392 327 2457 momenti
355 2391 396 2456 ad
424 2391 639 2476 suspicionem
669 2391 812 2456 criminis
836 2413 933 2474 quam
956 2390 998 2454 ad
1020 2392 1186 2458 rationem

170 2479 296 2544 salutis.
1198 2505 1223 2545 as

116 2529 159 2656 ἐξ
235 2567 318 2632 Mihi
340 2571 464 2633 certum
487 2573 626 2633 estnon
648 2567 861 2651 committere,
883 2566 977 2632 utin
999 2567 1061 2632 hac
1084 2589 1185 2635 causa

169 2660 301 2741 praetor
321 2656 417 2721 nobis
440 2655 674 2740 consiliumque
697 2659 849 2720 mutetur.
885 2654 960 2720 Non
981 2654 1093 2738 patiar
1113 2678 1184 2722 rem

167 2746 203 2809 in
229 2744 263 2809 id
290 2748 419 2829 tempus
446 2743 574 2828 adduci,
605 2749 643 2809 ut
671 2741 811 2827 [Siculi],
844 2763 925 2827 quos
958 2742 1064 2808 adhuc
1097 2745 1183 2810 servi

169 2833 412 2920 designatorum
436 2832 605 2898 consulum
626 2853 694 2897 non
716 2835 895 2915 moverunt,
920 2852 994 2896 cum
1016 2852 1072 2896 eos
1095 2853 1182 2898 novo

169 2921 316 3006 exemplo
340 2920 508 2985 universos
532 2924 744 3003 arcesserent,
771 2940 826 2985 eos
849 2923 920 2984 tum
947 2918 1080 2983 lictores
1107 2941 1182 2985 con·
1195 2945 1222 2985 cc

169 3010 276 3074 sulum
303 3013 433 3093 vocent,
462 3011 499 3072 ut
526 3008 675 3074 homines
702 3007 826 3092 miseri,
855 3011 952 3073 antea
979 3005 1059 3072 socii
1082 3012 1181 3092 atque

169 3097 265 3163 amici
291 3096 405 3182 populi
431 3095 583 3179 Romani,
616 3091 701 3161 nunc
729 3095 814 3160 servi
841 3117 879 3161 ac
906 3093 1083 3180 supplices,
1115 3117 1182 3162 non

167 3185 263 3252 modo
299 3185 350 3250 ius
387 3205 482 3250 auum
517 3184 730 3267 fortunasque
763 3183 868 3249 omnis
901 3205 1012 3248 eorum
1041 3183 1181 3268 irnperio

4 3343 5 3364 χ
168 3273 331 3356 amittant,
353 3293 467 3337 verum
490 3272 588 3337 etiam
608 3271 797 3356 deplorandi
815 3270 894 3335 iuris
914 3270 964 3335 sui
980 3274 1181 3356 potestatem

4 3373 5 3380 ’
115 3377 148 3426 ⁵4
166 3380 232 3424 non
259 3360 417 3442 habeant3
447 3380 513 3424 non
545 3360 648 3423 sinam
676 3358 822 3443 profecto
849 3379 948 3424 causa
974 3380 994 3422 a
1025 3379 1078 3423 me
1111 3381 1181 3444 per·
1194 3384 1221 3424 cs

167 3450 260 3508 orata
279 3446 496 3531 quadraginta
518 3445 630 3511 diebus
652 3445 855 3530 interpositis
878 3449 949 3510 tum
972 3446 1067 3511 nobis
1092 3446 1181 3511 deni-

167 3552 228 3612 que
255 3532 457 3615 responderi,
485 3553 559 3597 cum
587 3533 749 3598 accusatio
776 3537 892 3599 nostra
918 3534 953 3598 in
981 3533 1180 3600 oblivionem
