2604 3880
178 231 243 296 134
415 227 455 281 IN
475 225 504 282 C.
525 225 679 281 VERREM
696 225 806 281 ACTIO
824 226 948 281 PRIMA

176 375 255 462 pulo
269 373 417 438 Romano
433 371 671 457 amplissimum
685 371 1004 456 pulcherrimumque
1022 372 1190 456 polliceor.

176 463 303 545 Moneo,
325 461 485 546 praedico,
508 463 584 524 ante
607 459 772 524 denuntio:
798 458 860 534 Qui
879 464 936 527 aut
954 460 1112 545 deponere
1131 464 1190 525 aut

177 551 322 637 accipere
340 551 397 615 aut
410 549 552 633 recipcre
569 551 626 612 aut
639 547 787 631 polliceri
801 553 858 613 aut
877 553 1059 633 sequestres
1073 552 1129 614 aut
1142 549 1190 612 in-

177 642 337 724 terpretes
365 636 592 722 corrumpendi
621 635 732 700 iudicii
759 637 866 701 solent
894 659 977 722 esse,
1006 637 1124 721 quique
1148 636 1190 702 ad

177 726 262 794 hanc
271 749 340 791 rem
355 728 412 791 aut
425 725 607 810 potentiam
622 727 680 788 aut
693 724 928 806 impudentiam
943 746 1035 790 suam
1049 724 1190 810 professi
1204 748 1219 788 s

179 821 269 900 sunt,
298 814 484 879 abstineant
510 813 545 878 in
567 813 629 878 hoc
651 811 769 876 iudicio
794 833 910 878 manus
934 812 1124 897 animosque
1147 813 1189 877 ab

126 886 169 1012 ἐξ
179 904 241 970 hoc
261 903 381 969 scelere
402 901 536 967 nefario.
576 900 650 965 Rrit
673 902 744 964 tum
767 901 880 965 consul
903 899 1097 966 Hortensius
1117 923 1191 966 cum

102 1057 104 1062 .
180 1014 306 1059 summo
330 991 465 1076 imperio
489 995 523 1055 et
544 993 721 1074 potestate,
749 1009 810 1074 ego
834 992 943 1054 autem
971 988 1099 1074 aedilis,
1127 988 1191 1054 hoo

179 1085 230 1147 est
252 1080 350 1166 paulo
374 1077 514 1162 amplius
540 1099 638 1162 quam
661 1077 822 1160 privatus3
850 1079 962 1142 tamen
983 1077 1079 1142 huius
1102 1077 1192 1143 modi

178 1169 260 1235 haec
286 1189 338 1233 res
366 1170 430 1249 est,
463 1187 561 1250 quam
588 1187 640 1230 me
668 1168 815 1229 acturum
843 1186 914 1230 csse
941 1165 1111 1251 polliceor,
1142 1165 1192 1230 ita
1208 1187 1237 1227 ro

178 1255 303 1409 llll
323 1254 451 1408 let?
453 1276 471 1319 ⁰
479 1252 888 1406 rtialelfflluilldi'
915 1257 953 1406 ll
979 1253 1051 1406 {ll
1078 1254 1193 1406 tlt

180 1453 278 1516 quam
301 1365 543 1515 privetuspesse
566 1429 723 1494 videatur.
881 1391 890 1426 ’
1077 1365 1099 1426 p
1183 1391 1193 1425 ’

246 1518 363 1584 Omnia
391 1540 458 1583 non
491 1518 586 1584 modo
618 1518 973 1601 commemorabuntur,
1005 1515 1061 1582 sed
1092 1517 1193 1582 etiam

180 1607 335 1694 expositis
377 1606 474 1672 certis
510 1607 606 1671 rebus
643 1609 793 1692 agentur,
834 1628 916 1690 quae
956 1606 1041 1671 inter
1082 1604 1193 1670 decem
1209 1625 1236 1665 rs

180 1693 1089 1868 tursttlttttlitlot§tillttlzttt
1107 1698 1194 1846 {Rl

129 1887 163 1938 aa
181 1873 364 1959 cognoscet
387 1894 425 1937 ex
456 1893 508 1936 me
534 1870 674 1955 populus
697 1870 878 1954 Romanus,
907 1871 984 1956 quid
1011 1871 1066 1950 sit,
1095 1892 1194 1954 quam

183 1962 225 2026 ob
254 1983 337 2045 rem,
370 1983 442 2025 cum
471 1963 619 2043 equester
646 1960 725 2023 ordo
757 1959 927 2044 iudicaret,
960 1979 1061 2024 annos
1091 1979 1194 2042 prope

181 2047 666 2217 ltttttmlst‘lttlll
682 2046 1029 2200 nullllffililllid
1043 2045 1235 2199 litt?

182 2224 337 2310 pecuniae
360 2225 401 2289 ob
424 2245 493 2288 rem
516 2158 721 2288 iudicandani
743 2159 1007 2307 constitutapsit3
1035 2157 1195 2306 quidpsit,

185 2312 271 2396 quod
297 2311 423 2376 iudiciis
451 2311 493 2376 ad
521 2310 719 2376 senatorium
749 2310 895 2376 ordinem
924 2310 1094 2376 translatis
1118 2310 1196 2373 sub-

184 2402 316 2484 lataque
347 2399 460 2484 populi
486 2397 627 2464 Romani
658 2399 694 2462 in
724 2420 825 2464 uuum
856 2421 1015 2484 quemque
1047 2401 1196 2464 vestrum

183 2490 348 2574 potestate
376 2486 412 2562 Q.
440 2485 583 2552 Calidius
616 2487 788 2552 damnatus
821 2487 938 2552 dixerit
969 2486 1104 2552 minoris
1136 2485 1195 2551 HS
1210 2505 1236 2546 ss

183 2577 315 2642 triciens
339 2575 539 2660 praetorium
562 2574 727 2640 hominem
749 2573 886 2639 honeste
908 2596 975 2641 non
992 2596 1088 2660 posse
1107 2574 1196 2639 dam·

183 2665 270 2748 nari3
304 2664 380 2748 quid
408 2664 464 2748 sit,
496 2663 582 2747 quod
608 2662 643 2727 P.
672 2660 829 2747 Septimio
863 2666 1011 2728 senatore
1040 2662 1196 2727 damnato

184 2754 220 2830 Q.
240 2751 415 2818 Hortensio
438 2755 588 2837 praetore
613 2750 651 2816 de
670 2751 814 2836 pecuniis
832 2751 1019 2836 repetundis
1038 2750 1079 2815 lis
1098 2751 1198 2814 aesti-

184 2846 274 2906 mata
297 2841 341 2905 sit
364 2862 401 2904 eo
424 2840 563 2923 nomine,
587 2840 673 2922 quod
695 2840 752 2905 illc
771 2840 813 2904 ob
832 2861 902 2904 rem
920 2838 1124 2904 iudicandam
1142 2859 1197 2922 pe·

131 2946 164 2994 ee
185 2930 312 2996 cuniam
351 2927 539 3013 accepisset,
577 2927 663 3010 quod
696 2927 731 2992 in
762 2925 796 2992 0.
828 2927 1006 3012 Herennio,
1044 2925 1130 3010 quod
1160 2926 1197 2990 in
1211 2945 1238 2986 so

185 3017 219 3083 C.
243 3017 385 3103 Popilio,
409 3014 629 3099 senatoribus,
659 3016 714 3099 qui
737 3015 833 3081 ambo
857 3015 1026 3099 peculatus
1050 3014 1198 3079 damnati

184 3110 273 3190 sunt,
289 3104 387 3190 quod
409 3104 444 3168 in
465 3102 509 3168 M.
532 3102 650 3187 Atilio,
677 3104 733 3188 qui
760 3104 798 3168 de
828 3103 999 3169 maiestate
1023 3103 1197 3168 damnatus

185 3198 245 3278 est,
267 3192 330 3258 hoc
352 3192 487 3278 plenum
509 3191 633 3256 factum
657 3191 710 3275 sit,
732 3213 787 3257 eos
810 3191 980 3277 pecuniam
999 3193 1041 3257 ob
1059 3213 1130 3256 rem
1147 3191 1198 3255 iu-

185 3281 357 3348 dicandam
381 3280 557 3365 aecepisse,
587 3279 673 3364 quod
695 3279 820 3345 inventi
843 3279 909 3345 sint
933 3285 1113 3364 senatores,
1141 3279 1199 3363 qui

185 3369 219 3434 Ο.
246 3368 348 3434 Verre
375 3372 526 3453 praetore
553 3369 679 3433 urbano
712 3368 869 3433 sortiente
902 3369 1026 3434 exirent
1056 3368 1092 3432 in
1124 3389 1199 3432 eum
1213 3383 1237 3425 ³⁵

183 3477 289 3538 reum,
318 3477 413 3538 quem
439 3456 607 3541 incognita
630 3477 728 3521 causa
751 3455 1016 3542 condemnarent,
1043 3455 1129 3540 quod
1149 3455 1200 3520 in·

183 3546 300 3606 ventus
329 3542 371 3605 sit
400 3546 544 3626 senator,
578 3543 633 3626 qui
660 3565 733 3608 curn
760 3544 855 3608 iudex
888 3549 987 3629 esset,
1018 3544 1052 3607 iu
1085 3543 1199 3608 ecdem
