2558 3884
177 175 243 242 216
494 173 535 228 IN
554 172 582 229 C.
596 172 751 230 VERREM
768 171 848 228 AGT.
867 169 901 228 IL

176 319 317 405 pinquis,
340 318 382 383 da
403 317 615 403 palaestritis,
637 316 793 402 praedare
816 315 969 381 inbonis
992 315 1108 383 alicnis
1133 336 1189 381 no

177 408 264 473 mine
296 406 452 491 civitatis,
485 410 594 472 everte
620 405 724 491 leges,
755 407 967 488 testamenta,
998 405 1190 471 voluntates

176 498 394 580 mortuorum,
420 494 493 560 iura
520 493 681 577 vivorum3
707 513 786 558 num
814 493 913 558 ctiam
939 493 1057 577 patriis
1083 492 1191 558 Hera·

135 615 140 621 ’
177 583 276 650 elium
302 583 397 648 bonis
425 583 597 648 exturbare
624 581 791 667 oportuit?
837 579 901 656 Qui
927 581 1025 646 simul
1050 603 1088 648 ac
1111 601 1190 666 pro-

175 671 276 758 fugit,
304 693 402 756 quam
424 671 643 756 impudenter,
670 691 767 754 quam
790 669 914 754 palam,
939 690 1038 753 quam
1061 669 1214 752 acerbas

177 760 211 825 di
232 760 450 845 immortales,
476 760 536 824 illa
558 759 645 826 bona
667 757 796 843 dircpta
817 758 907 822 sunt!
930 779 1029 843 quam
1050 757 1112 823 illa
1137 777 1191 820 res

176 848 370 914 calamitosa
395 847 561 932 Heraclio,
594 849 790 931 quaestuosa
810 844 921 930 verri,
952 846 1059 932 turpis
1091 845 1191 930 Syra-

176 937 319 1022 cusanis,
356 936 540 1002 miseranda
575 934 725 1000 omnibus
762 933 947 999 videbatur!
999 934 1071 1000 Iam
1103 932 1193 999 illud

175 1025 307 1179 tlt
326 1021 1225 1196 llllildlmllr’sllalllllllrffllllllllgdlr

175 1201 374 1267 rinthiorum
387 1161 549 1283 vesorum,
567 1199 734 1284 stragulae
748 1197 863 1282 vestis,
880 1159 961 1266 halec
978 1221 1074 1276 nemo
1095 1197 1190 1264 dubi·

174 1288 270 1355 tabat
288 1289 367 1374 quin
384 1309 451 1354 non
469 1288 565 1353 modo
585 1287 700 1353 axilla
722 1287 818 1354 domo
841 1290 939 1372 capta
961 1290 996 1353 et
1017 1308 1190 1374 oppressa,
1266 1357 1267 1379 ,

174 1398 288 1442 verum
314 1375 440 1458 [etiam]
464 1397 503 1440 ex
526 1379 599 1441 tota
620 1374 788 1461 provincia
810 1374 851 1439 ad
873 1374 974 1440 istum
997 1374 1189 1461 conportari

173 1486 305 1530 neccsse
333 1467 427 1530 esset.
475 1462 652 1549 Mancipia,
685 1484 768 1547 quas
794 1463 914 1548 voluit,
941 1463 1090 1548 abduxit,
1120 1463 1188 1529 alia

175 1552 301 1638 divisit,
328 1551 435 1618 auctio
458 1551 546 1618 facta
569 1556 633 1637 est,
659 1551 781 1635 inqua
803 1551 919 1616 cohors
941 1551 1037 1618 istius
1061 1553 1187 1618 invicta
1201 1570 1223 1610 1⁵
1266 1568 1267 1573 ’

122 1658 155 1707 47
176 1640 344 1707 dominata
374 1645 433 1707 est.
482 1640 605 1706 Verum
635 1639 719 1704 illud
746 1643 796 1705 est
822 1639 1038 1725 praeclarum.
1087 1638 1187 1726 Syra-

175 1730 296 1816 cusani,
317 1729 374 1814 qui
390 1728 601 1814 praefuerant
618 1728 670 1793 his
688 1727 834 1792 Heraclii
858 1728 953 1793 bonis
976 1729 1078 1795 verbo
1102 1728 1187 1794 redi·

173 1815 957 1989 ectrreserarentur
974 1817 1186 1992 {serm

173 1994 283 2080 plura,
304 1994 437 2080 hydrias
459 1954 636 2080 arger’rtcas¹
653 1991 828 2077 pretiosas,
840 1996 975 2057 ‘vestem
997 1995 1184 2080 stragulam
1197 2013 1220 2052 co

173 2085 326 2167 multam,
349 2081 512 2167 mancipis
533 2081 679 2167 pretiosa
701 2079 779 2145 data
801 2101 872 2144 esse
890 2079 1000 2165 Verri,
1023 2082 1186 2165 dicebant,
1266 2119 1267 2168 ,

173 2175 333 2254 quantum
357 2172 471 2254 cuique
499 2169 567 2235 cius
594 2169 686 2234 iussu
711 2189 919 2233 nummorum
946 2172 1033 2234 esset
1060 2170 1184 2236 datum.

174 2255 356 2323 Gemebant
370 2255 572 2343 Syracusani,
592 2255 649 2322 sed
661 2259 772 2322 tamen
784 2255 1003 2342 patiebantur.
1035 2258 1184 2344 Repente
1266 2302 1267 2377 ,

173 2346 330 2411 recitatur
343 2367 408 2410 uno
425 2346 557 2412 nominc
570 2344 628 2412 HS
641 2345 713 2412 ὗῦῐ
726 2345 818 2410 iussu
829 2346 991 2429 praetoris
1005 2345 1084 2412 data
1103 2368 1183 2412 csse.

172 2431 228 2498 Fit
245 2433 406 2499 maximus
424 2434 547 2500 clamor
566 2435 720 2517 omnium,
737 2453 805 2498 non
825 2433 921 2498 modo
941 2433 1059 2519 optimi
1077 2436 1182 2501 cuius·
1196 2451 1218 2494 n

174 2543 236 2607 que
254 2543 359 2607 neque
377 2542 497 2606 eorum,
516 2522 633 2606 quibus
650 2523 820 2608 indignum
839 2541 967 2606 semper
984 2523 1093 2588 visum
1112 2527 1184 2588 erat
1266 2484 1267 2577 l

173 2610 304 2697 privata
334 2611 421 2676 bona
448 2611 563 2696 populi
591 2611 722 2676 nomine
750 2631 814 2695 per
838 2631 999 2676 summam
1027 2611 1183 2678 iniuriam
1266 2618 1267 2655 l

174 2703 299 2784 erepta,
327 2720 440 2764 verum
467 2699 567 2765 etiam
592 2699 644 2764 illi
668 2698 733 2784 ipsi
755 2699 903 2763 auctores
925 2698 1063 2764 iniuriae
1086 2703 1120 2764 et
1144 2721 1183 2765 ex

174 2788 285 2873 aliqua
310 2786 472 2874 particula
500 2787 580 2853 socii
605 2787 744 2873 praedae
767 2807 805 2851 ac
826 2786 1016 2870 rapinarum
1039 2788 1182 2855 clamare

174 2879 362 2962 coeperunt,
394 2875 457 2940 sibi
488 2879 527 2946 ut
557 2875 693 2942 haberet
722 2873 944 2940 hereditatem.
993 2875 1120 2942 Tantus
1148 2877 1217 2941 inu

120 2935 264 3062 {gomis
282 2964 406 3030 clamor
427 2962 533 3029 factus
557 2966 620 3048 cst,
642 2967 680 3030 ut
701 2963 842 3050 populus
866 2968 1080 3031 concurreret.
1116 2965 1181 3031 Res

175 3053 217 3118 ab
244 3051 333 3118 omni
361 3056 521 3118 conventu
543 3052 675 3138 cognita
696 3051 845 3118 solariter
867 3052 925 3117 isti
948 3053 1079 3119 domum
1102 3076 1182 3120 nun-

173 3140 286 3206 tiatur.
335 3139 442 3205 Homo
474 3140 623 3206 inimicus
655 3140 711 3224 iis,
747 3140 803 3224 qui
833 3141 1038 3225 recitassent,
1074 3143 1180 3208 hostis

174 3229 339 3312 omnibus,
367 3228 422 3313 qui
450 3229 697 3312 acclamassent,
724 3229 846 3293 exarsit
867 3228 1034 3294 iracundia
1056 3253 1094 3296 ac
1117 3235 1180 3296 sto·
1266 3278 1267 3316 ,

173 3316 303 3400 mach03
328 3337 441 3380 verum
463 3320 575 3381 tamen
596 3315 660 3380 fuit
682 3320 754 3380 tum
777 3317 829 3380 sui
851 3315 1028 3382 dissimilis.
1064 3317 1178 3385 Nostis
1191 3335 1215 3376 ³⁵
1266 3323 1267 3330 ³

173 3423 210 3465 os
237 3402 393 3486 hominis,
419 3404 525 3468 nostis
553 3404 733 3486 audaciam,
759 3405 872 3468 tamen
899 3408 970 3469 tum
993 3427 1125 3472 rumore
1148 3413 1179 3472 et

173 3487 315 3552 clamore
347 3490 461 3572 populi
488 3495 521 3554 et
548 3489 721 3554 manifesto
748 3488 837 3555 furto
865 3493 998 3576 grandis
1025 3496 1179 3578 pecuniae
1266 3523 1267 3572 l
