2576 3882
311 221 379 276 nm.
398 221 426 277 11
453 220 531 278 cAP.
550 228 655 279 rr-re
675 228 690 290 s
709 229 858 282 ris-rra.
1030 227 1095 292 243

86 367 213 434 actione
232 369 266 432 et
287 366 443 451 privatim
463 369 496 432 et
517 367 646 451 publice
669 370 871 454 testimonia3
894 371 997 458 legati
1009 370 1094 438 Oen·

85 455 234 540 turipini,
256 453 442 539 Halaesini,
464 453 655 522 Catinenses
673 455 985 544 Panhormitanique
1008 461 1095 526 dixe-

85 548 170 628 nmt,
189 543 368 609 multarum
381 547 553 627 praeterea
567 544 746 631 civitatum,
764 546 830 611 iam
844 569 922 614 vero
939 548 1094 633 privatim

85 631 227 716 plurimi.
273 630 417 707 Quorum
440 653 479 696 ex
502 632 698 698 testimoniis
721 655 915 720 cognoscere
938 637 1094 720 potuistis

59 725 158 786 stota
184 718 296 785 Sicilia
327 741 386 805 per
412 719 588 785 triennium
614 721 777 787 neminem
804 723 873 806 ulla
899 723 934 787 in
961 725 1094 791 civitate

87 812 271 874 senatorem
306 808 430 874 factum
467 829 537 875 esse
568 810 687 894 gratis,
722 811 898 894 neminem,
934 815 972 877 ut
1004 813 1093 898 leges

86 919 198 962 eorum
226 900 314 981 sunt,
347 897 525 982 suffragiis,
552 897 716 963 neminem
742 898 807 966 nisi
833 899 929 964 istius
955 899 1093 986 imperio
1134 961 1136 966 .

87 989 144 1051 aut
171 984 305 1070 litteris3
333 991 430 1070 atque
456 985 491 1050 in
517 985 570 1050 his
596 985 746 1052 omnibus
770 987 975 1052 senatoribus
999 1009 1093 1072 coepe

85 1073 194 1139 tendis
212 1094 279 1139 non
297 1073 393 1139 modo
413 1073 568 1160 suffragia
584 1074 677 1140 nulla
698 1074 808 1159 fuisse,
831 1074 889 1140 sed
909 1097 951 1142 ne
974 1097 1095 1162 genera

45 1185 71 1224 ιο
87 1160 217 1246 quidem
254 1165 402 1247 spectata
437 1183 522 1246 esse,
557 1184 596 1228 ex
628 1162 745 1247 quibus
776 1163 811 1228 in
842 1185 916 1229 eum
948 1165 1093 1230 ordinem

86 1249 234 1334 cooptari
260 1250 384 1334 liceret,
415 1271 520 1334 neque
551 1272 665 1316 census
696 1272 800 1336 neque
833 1255 957 1318 aetates
989 1273 1093 1336 neque

86 1341 193 1404 cetera
220 1335 402 1403 Siculorum
432 1339 506 1404 iura
535 1339 692 1424 valuiss03
724 1340 916 1425 quicumque
944 1344 1076 1406 senator
1096 1355 1146 1404 121

85 1425 225 1492 voluerit
239 1426 311 1490 fieri
325 1426 472 1512 quamvis
491 1448 580 1513 puer,
600 1427 747 1511 quamvis
765 1428 928 1515 indignus,
946 1430 1093 1513 quamvis

86 1536 125 1579 ex
158 1535 195 1580 eo
228 1514 314 1599 loeo,
346 1536 384 1579 ex
417 1536 480 1598 quo
511 1536 578 1580 non
604 1515 731 1600 liceret,
763 1516 792 1581 si
818 1517 847 1581 is
874 1517 980 1602 pretio
1008 1519 1094 1601 apud

44 1623 71 1664 rs
86 1603 187 1668 istum
200 1601 333 1668 idoneos
351 1603 504 1686 vinceret,
521 1602 645 1668 factum
664 1624 735 1668 esse
754 1625 894 1689 semper3
912 1627 979 1670 non
997 1604 1093 1671 modo

85 1688 268 1756 Siculorum
294 1690 379 1755 nihil
405 1691 440 1755 in
466 1690 528 1756 hac
555 1691 755 1757 revaluisse
778 1693 881 1777 leges,
909 1691 965 1758 sed
987 1715 1028 1757 ne
1052 1694 1093 1758 ab

86 1782 202 1844 senatu
223 1778 351 1864 quidem
373 1778 559 1864 populoque
581 1779 729 1845 Romano
753 1779 854 1845 datas.
897 1778 984 1855 Quas
1008 1781 1093 1846 enim

85 1869 176 1953 leges
204 1867 300 1934 sociis
328 1867 503 1952 amicisque
529 1866 650 1952 datis,
679 1867 734 1952 qui
756 1867 856 1934 habet
878 1867 1051 1952 imperium
1074 1891 1094 1932 a

84 1956 207 2040 populo
226 1955 384 2040 Romano,
405 1955 634 2022 auctoritatem
652 1955 762 2041 legum
781 1955 957 2020 dandarum
982 1956 1023 2021 ab
1048 1977 1095 2021 se-

43 2046 179 2128 sonata,
211 2066 267 2109 eae
299 2044 418 2110 debent
450 2047 483 2109 et
511 2043 626 2130 populi
652 2043 792 2108 Romani
820 2047 853 2108 et
880 2047 1013 2110 senatus
1041 2065 1094 2108 ex·
1182 2057 1183 2062 ’

85 2131 235 2198 istimari.

152 2220 323 2286 Halaesini
342 2242 402 2305 pro
420 2220 534 2286 multis
554 2242 591 2286 ae
609 2219 738 2305 magnis
762 2220 829 2284 suis
853 2220 1075 2304 maiorumque
1095 2233 1147 2283 122

86 2330 220 2374 suorum
237 2309 273 2373 in
290 2330 359 2373 rem
377 2309 542 2394 publicam
559 2311 708 2374 nostram
730 2308 857 2372 meritis
880 2312 978 2392 atque
1001 2309 1094 2374 bene-

38 2445 40 2448 -
84 2397 167 2462 ficiis
195 2419 254 2463 sno
281 2396 351 2462 iure
377 2419 481 2483 nuper
502 2396 538 2462 L.
561 2395 685 2462 Licinio
708 2394 745 2471 Q.
763 2395 870 2462 Mucio
898 2398 1095 2482 consulibus,

43 2506 71 2547 25
86 2508 160 2551 cum
186 2486 347 2551 haberent
371 2485 457 2551 inter
480 2507 514 2550 se
538 2484 775 2550 controversias
798 2485 837 2550 de
861 2488 975 2552 senatu
998 2507 1095 2570 ooop-

84 2573 201 2658 tando‚
228 2574 318 2660 leges
346 2573 387 2638 ab
416 2576 531 2638 senatu
557 2575 671 2638 nostro
699 2572 893 2657 petiverunt.
942 2573 1095 2639 Decrevit

86 2665 218 2728 senatus
236 2661 413 2728 honorifico
438 2665 570 2726 senatus
593 2662 751 2746 consulto,
774 2664 811 2726 ut
831 2661 872 2726 iis
891 2659 925 2727 O.
940 2660 1094 2727 Claudius

84 2750 175 2836 Appi
191 2750 279 2815 filius
296 2749 435 2815 Pulcher
453 2753 587 2835 praetor
605 2748 644 2814 de
663 2754 777 2815 senatu
798 2749 980 2833 cooptando
1004 2750 1093 2832 leges

85 2838 312 2906 conscriberet.
349 2836 383 2904 Ο.
398 2836 553 2904 Claudius
572 2838 728 2903 adhibitis
752 2837 901 2902 omnibus
920 2835 1094 2920 Marcellis,

43 2949 72 2989 so
86 2927 143 3012 qui
169 2930 241 2993 tum
268 2929 376 3010 erant,
404 2925 443 2992 de
470 2947 582 2992 eorum
610 2925 772 2991 sententia
795 2925 884 3010 leges
907 2923 1094 2989 Halaesinis

86 3016 189 3100 dedit3
209 3015 381 3101 inquibus
400 3015 505 3080 multa
528 3013 636 3081 sanxit
659 3014 698 3078 de
722 3016 830 3078 aetate
852 3011 1031 3096 hominurn,
1053 3033 1094 3074 ne
1160 3015 1162 3024 “

87 3105 143 3189 qui
169 3103 276 3170 minor
303 3121 378 3168 xxx
406 3103 498 3169 annis
525 3106 636 3186 natus,
668 3102 707 3167 de
736 3103 886 3186 quaestu,
916 3121 1011 3184 quem
1040 3101 1095 3183 qui

84 3192 230 3275 fecisset,
264 3213 306 3258 ne
338 3192 514 3279 legeretur,
551 3192 590 3257 de
622 3211 734 3273 censu,
770 3189 809 3253 de
840 3187 956 3254 ceteris
988 3187 1094 3252 rebus.

87 3281 176 3358 Quae
200 3280 310 3346 omnia
333 3283 408 3346 ante
430 3279 532 3345 iatum
554 3281 738 3363 praetorem
762 3280 795 3341 et
816 3279 1004 3341 nostrorum
1028 3297 1095 3340 ma-

42 3387 72 3430 ss
87 3370 285 3456 gistratuum
305 3368 499 3434 auctoritate
518 3371 552 3432 et
568 3364 819 3432 Halaesinorum
839 3385 966 3430 summa
983 3365 1096 3430 volun·

86 3461 156 3523 tate
182 3457 363 3524 valuerunt.
403 3455 457 3522 Ab
480 3455 544 3521 isto
568 3459 601 3521 et
624 3475 754 3539 praeco,
782 3452 838 3538 qui
860 3452 978 3537 voluit,
1003 3452 1096 3518 illurn

86 3547 233 3614 ordinem
251 3545 358 3632 pretio
378 3548 540 3612 mercatus
559 3547 609 3608 est
629 3545 663 3607 et
685 3541 778 3627 pueri
802 3563 960 3612 annorum
983 3563 1097 3608 senum

830 3645 885 3701 16*
