2576 3882
387 209 456 268 113.
475 209 502 264 11
547 209 625 266 οΑΡ.
646 216 714 266 1-3
733 215 748 276 a
769 216 845 266 1-1.
1060 213 1124 278 201

110 355 169 420 ille
187 354 257 440 ipse
275 353 318 420 M.
337 355 521 439 Marcellus,
539 355 629 421 cuius
648 355 683 420 in
701 351 812 420 Sicilia
830 355 985 421 virtutem
1003 356 1127 443 hostes,

112 443 369 509 misericordiam
395 444 486 527 victi,
515 443 612 508 fidem
641 444 740 508 ceteri
763 443 863 509 Siculi
885 448 1128 530 perspexerunt,

112 553 178 597 non
223 533 331 598 solum
374 531 470 598 sociis
511 531 546 596 in
586 553 624 596 eo
661 532 748 596 bello
790 533 967 617 consuluit,
1012 555 1125 599 verum

114 621 213 686 etiam
235 620 397 705 superatis
421 619 571 685 hostibus
594 620 798 704 temperavit.
839 619 962 686 Urbem
981 621 1128 704 pulcher·

86 709 231 774 urimam
254 706 441 793 Syracusas,
466 725 548 793 quae
572 730 644 774 cum
668 730 766 772 manu
790 709 1009 773 munitissima
1032 714 1127 793 esset,

113 800 184 862 tum
211 797 275 862 looi
301 800 421 862 natura
447 799 535 862 terra
561 819 599 862 ao
626 796 709 861 mari
740 796 956 880 clauderetur,
989 818 1062 862 cum
1093 798 1127 867 ui

114 884 313 969 consilioque
337 885 485 970 cepisset,
506 906 573 950 non
597 885 703 950 solum
724 884 921 950 incolumem
940 906 1057 968 passus
1076 889 1128 950 est

116 995 195 1057 esse,
214 973 270 1037 sed
286 974 336 1038 ita
353 973 487 1057 reliquit
505 976 664 1055 ornatam,
686 977 724 1037 ut
742 976 828 1037 esset
841 972 927 1037 idem
941 978 1135 1037 monumen·

114 1065 186 1125 tum
195 1061 359 1146 victoriae,
374 1060 641 1145 mansuetudinis,
655 1061 882 1145 continentiae,
896 1083 969 1126 cum
979 1059 1127 1126 homines

75 1167 101 1207 10
115 1149 271 1232 viderent,
294 1152 326 1215 et
350 1149 427 1234 quid
451 1153 668 1234 expugnasset
691 1153 724 1213 et
743 1149 860 1233 quibus
878 1149 1075 1234 pepercisset
1094 1154 1128 1214 ct

116 1259 199 1322 quae
230 1237 425 1323 reliquisset.
478 1237 620 1302 Tantum
655 1237 712 1301 ille
748 1237 906 1302 honorem
941 1236 1127 1303 habendum

116 1325 246 1392 Siciliae
277 1326 418 1412 putavit,
454 1330 492 1390 ut
522 1348 563 1391 ne
594 1325 738 1390 hostium
772 1325 901 1410 quidem
937 1325 1052 1390 urbem
1089 1347 1128 1390 ex

115 1415 276 1480 sociorum
310 1415 419 1480 insula
450 1414 630 1479 tollendam
663 1413 885 1479 arbitraretur.
939 1411 1055 1498 Itaque
1088 1414 1165 1478 ad5

116 1525 228 1568 omnes
255 1524 307 1568 res
335 1503 382 1568 sio
408 1503 467 1567 illa
493 1501 660 1587 provincia
688 1523 814 1585 semper
843 1501 895 1567 usi
926 1523 1051 1586 sumus,
1082 1506 1130 1586 ut,

75 1608 101 1650 15
116 1591 268 1676 quicquid
291 1613 330 1656 ox
353 1613 422 1656 sese
443 1594 555 1676 posset
573 1591 693 1673 efferre,
715 1590 750 1654 id
767 1611 833 1654 non
852 1589 938 1675 apud
956 1611 1011 1656 eos
1030 1589 1129 1674 nasci,

116 1680 173 1744 sed
201 1679 288 1744 domi
315 1683 448 1744 nostrae
471 1679 637 1744 conditum
659 1678 734 1742 iam
749 1681 947 1762 putaremus.
993 1677 1131 1753 Quando

115 1768 175 1833 illa
201 1768 414 1852 frumentum,
446 1767 532 1851 quod
559 1765 703 1849 deberet,
733 1787 801 1830 non
832 1765 874 1829 ad
906 1765 992 1830 diem
1019 1765 1130 1830 dedit?

117 1856 245 1940 quando
264 1856 307 1940 id,
331 1856 417 1940 quod
435 1877 517 1940 opus
536 1875 606 1919 esse
623 1856 764 1938 putaret,
786 1873 853 1918 non
870 1853 958 1917 ultro
979 1853 1128 1937 pollicita

117 1945 189 2009 est?
213 1944 340 2028 quando
364 1945 406 2028 id,
429 1942 515 2028 quod
537 1942 762 2026 imperaretur,
784 1940 968 2006 recusauit?
1013 1939 1130 2024 Itaque

76 2051 102 2090 20
116 2033 173 2097 ille
201 2032 243 2097 M.
272 2030 353 2097 Cato
385 2030 520 2116 Sapiens
552 2031 669 2097 cellam
701 2029 868 2113 penariam
901 2028 949 2092 rei
979 2028 1130 2112 publicae

116 2124 257 2204 nostrae,
279 2121 439 2186 nutricem
457 2119 562 2204 plebis
580 2119 748 2183 Romanae
767 2115 911 2182 Siciliam
929 2116 1130 2182 nominabat.

116 2208 187 2274 Nos
214 2231 290 2274 vero
319 2209 444 2294 experti
471 2229 582 2272 sumus
609 2205 725 2271 Italico
753 2204 895 2270 maximo
925 2203 1131 2269 difficillimo·

117 2319 179 2382 que
206 2297 296 2362 bello
319 2295 463 2362 Siciliam
490 2295 585 2360 nobis
612 2315 679 2360 non
705 2316 764 2378 pro
792 2292 926 2378 penaria
951 2292 1047 2375 cella,
1075 2293 1131 2358 sed

116 2406 176 2469 pro
212 2385 337 2451 aerario
372 2385 430 2450 illo
465 2384 625 2448 maiorum
658 2386 767 2447 vetere
800 2404 838 2447 so
868 2380 988 2446 referto
1019 2380 1131 2446 luisse.

77 2491 103 2532 as
117 2473 204 2538 Nam
233 2473 302 2538 sine
325 2473 394 2538 ullo
417 2476 549 2557 sumptu
571 2474 684 2536 nostro
713 2469 823 2552 coriis,
849 2469 968 2535 tunicis
991 2467 1131 2534 frumen·

117 2566 217 2646 toque
236 2561 470 2646 suppeditando
489 2559 648 2626 maximos
667 2558 825 2623 exercitus
839 2561 970 2622 nostros
989 2557 1131 2640 vestivit,

119 2651 210 2734 aluit,
229 2650 378 2714 armavit.
419 2648 524 2725 Quid?
546 2648 614 2731 illa,
637 2668 719 2730 quae
737 2645 877 2712 forsitan
893 2667 934 2710 no
953 2625 1167 2749 sentiamus}

119 2738 258 2822 quidem,
276 2738 406 2819 iudices,
425 2740 547 2821 quanta
563 2736 653 2799 sunt!
676 2735 762 2818 quod
780 2734 893 2800 multis
912 2733 1132 2818 locupletiori-

118 2828 180 2891 bus
201 2827 325 2892 civibus
348 2826 479 2907 utimur,
504 2823 588 2908 quod
610 2823 733 2888 habent
756 2823 981 2907 propinquam,
1003 2820 1132 2885 fidelem

78 2933 104 2973 ³0
117 2915 382 2997 fructuosamque
405 2911 620 2997 provinciam,
650 2932 713 2996 quo
736 2910 832 2975 facile
860 2912 1045 2991 excurrant,
1074 2907 1132 2971 ubi

118 3004 259 3068 libenter
287 3001 458 3087 negotium
481 3003 610 3086 gerant3
639 3020 719 3082 quos
742 2999 802 3062 illa
824 2997 946 3082 partim
969 2995 1131 3060 mercibus
1222 3026 1225 3031 ·

118 3090 364 3176 suppeditandis
401 3111 474 3154 oum
511 3091 646 3172 quaestu
688 3085 941 3170 compendioque
984 3083 1131 3167 dimittit,

117 3179 240 3266 partim
254 3179 383 3262 retinet,
401 3181 439 3241 ut
453 3198 554 3260 arare,
572 3179 610 3240 ut
623 3195 763 3260 pascere,
782 3177 820 3238 ut
836 3171 1000 3257 negotiari
1017 3171 1130 3257 libeat,

117 3273 155 3333 ut
167 3267 304 3351 deniquo
317 3267 408 3331 sedes
421 3287 459 3330 ac
474 3263 672 3329 domicilium
686 3262 855 3327 collocare.
883 3259 976 3335 Quod
990 3281 1132 3324 commo-

76 3374 103 3416 35
119 3357 197 3424 dum
210 3377 277 3421 non
290 3354 450 3420 mediocre
464 3352 511 3417 rei
528 3352 677 3436 publicae
696 3353 755 3432 est,
774 3351 903 3414 tantum
922 3347 1041 3413 civium
1056 3347 1132 3428 [Ro-

118 3446 304 3525 manorum]
315 3463 485 3508 numerum
495 3444 564 3505 tam
574 3460 675 3525 prope
687 3438 728 3502 ab
739 3438 844 3521 domo,
857 3440 927 3502 tam
936 3435 1031 3501 bonis
1048 3435 1131 3502 fruc·

117 3533 287 3616 tuosisque
308 3532 404 3597 rebus
429 3528 573 3596 detineri.
609 3527 656 3592 Et
678 3525 831 3610 quoniam
855 3525 949 3610 quasi
972 3525 1130 3610 quaedam
1150 3545 1166 3596 1
