2558 3884
159 167 225 232 300
463 163 502 219 1N
523 163 552 219 0.
566 162 721 219 VERREM
739 161 819 218 ACT.
837 161 870 217 11.

159 315 221 376 tur.
267 306 332 375 Uni
364 309 545 374 mehercule
577 308 652 373 huic
679 307 819 391 civitati,
845 305 982 389 Verres,
1016 307 1182 372 obsistere

159 403 217 463 tua
236 397 463 463 defensionen
481 399 605 482 potest3
627 400 722 460 tante
741 395 918 461 auctoritas
939 395 1047 460 estin
1067 417 1182 460 eorum

159 487 328 552 hominum
346 485 518 570 fidelitate,
541 489 652 549 tantus
677 482 770 550 dolor
792 485 826 548 in
849 484 984 568 iniuria,
1006 488 1108 548 tanta
1129 505 1182 548 re-

160 575 240 660 ligio
259 574 293 639 in
311 574 509 640 testimonio.
546 572 668 638 Verum
691 595 757 636 11011
780 595 845 638 una
867 576 901 637 te
926 575 1100 657 [tantum],
1124 573 1182 636 sed

159 663 328 728 universae
361 663 521 728 similibus
554 661 701 726 adflictae
732 661 860 726 iniuriis
892 664 926 725 et
958 659 1211 725 incommodiss

160 751 309 816 civitates
343 751 564 837 legationibus
596 771 634 814 ac
665 749 863 814 testimoniis
895 748 1040 834 publicis
1070 770 1181 834 perse

162 844 312 923 quuntur.

108 899 150 1026 ἓξ
226 927 359 992 Etenim
379 927 528 1011 deinceps
548 925 725 1010 videamus,
747 924 955 991 Herbitensis
979 925 1098 991 civitas
1121 925 1181 990 ho·

160 1021 254 1081 nesta
282 1021 315 1080 et
343 1019 440 1080 antea
467 1015 598 1099 copiosa
626 1035 721 1098 quem
748 1014 943 1078 admodum
967 1014 1113 1098 spoliate
1134 1013 1179 1077 ab

160 1105 225 1169 isto
244 1127 283 1169 ac
305 1107 423 1168 vexata
446 1103 498 1166 sit.
534 1101 582 1166 At
604 1123 742 1186 quorum
765 1102 947 1166 hominum!
972 1123 1180 1166 summorum
1195 1117 1222 1159 10

161 1196 342 1274 aratorum,
378 1191 671 1256 remotissimorum
704 1213 724 1254 s
754 1190 841 1274 foro,
873 1189 1026 1273 iudiciis‚'
1049 1193 1180 1254 contro-

160 1280 284 1363 versiis,
304 1279 420 1362 quibus
439 1300 572 1362 parcere
591 1281 625 1343 et
643 1279 819 1361 consulere,
837 1278 936 1343 homo
955 1278 1179 1363 inpurissime,

160 1373 193 1432 et
216 1367 302 1451 quod
325 1387 427 1449 genus
449 1367 620 1431 hominum
643 1365 880 1432 studiosissime
904 1387 1102 1431 conservare
1125 1367 1178 1430 de·

160 1455 269 1518 buisti.
314 1454 425 1518 Primo
449 1476 534 1519 anno
558 1455 727 1520 venierunt
750 1454 819 1518 eius
843 1455 915 1540 agri
938 1454 1093 1519 decumae
1117 1453 1178 1518 tri-

158 1543 217 1607 tici
244 1542 387 1607 modium
414 1545 511 1607 ”suffr-1.
557 1542 702 1626 Atidius,
730 1542 812 1607 item
837 1543 933 1607 istius
962 1542 1115 1606 minister
1141 1542 1178 1606 in
1194 1557 1219 1600 1⁵

160 1631 316 1713 decumis,
347 1652 420 1695 cum
453 1630 586 1694 emisset
618 1635 651 1695 et
677 1630 834 1715 praefecti
861 1631 993 1695 nomine
1020 1653 1095 1696 cum
1124 1653 1177 1695 ve·

158 1720 262 1784 nisset
294 1718 467 1784 Herbitam
501 1741 575 1783 cum
602 1717 751 1784 Veneriis
786 1720 940 1803 locusque
973 1719 1004 1783 ei
1034 1718 1177 1803 publice,

160 1830 225 1892 quo
253 1808 486 1890 deverteretur,
519 1807 613 1892 datus
642 1811 740 1891 esset,
770 1811 932 1893 cogrmtur
959 1805 1176 1872 Herbitenses

160 1897 243 1962 lucri
279 1897 356 1961 dare
384 1895 413 1960 ei
440 1895 543 1959 tritici
569 1895 714 1959 modium
740 1895 989 1978 ffiVffioccc,
1021 1917 1095 1960 cum
1125 1894 1176 1959 de

160 2007 272 2049 cumae
308 1984 474 2049 venissent
509 1982 611 2048 tritici
644 1982 789 2047 modium
820 1987 918 2046 ῖνἾῊ.
968 1982 1080 2067 Atque
1112 1983 1217 2048 110010

160 2076 291 2137 tantum
322 2073 405 2137 lucri
437 2075 598 2156 coguntur
631 2071 707 2136 dare
734 2070 862 2154 publice
889 2074 974 2155 tum,
1007 2091 1082 2136 cum
1107 2072 1175 2136 iem

159 2160 315 2242 privatim
348 2163 494 2224 aratores
527 2181 566 2223 ex
598 2159 686 2244 agris
719 2159 853 2243 spoliati
886 2163 983 2243 atque
1015 2160 1176 2246 exagitati

107 2257 141 2307 10
160 2247 410 2311 decumanorum
425 2247 551 2313 iniuriis
565 2247 797 2332 profugissent.
828 2246 924 2312 Anno
940 2248 1081 2312 secundo
1100 2270 1174 2313 cum

160 2335 292 2398 emisset
320 2334 484 2419 Apronius
517 2336 667 2400 decumas
699 2334 801 2399 tritici
832 2335 975 2399 modium
1005 2339 1174 2402 ffinccc

160 2425 194 2485 et
209 2422 280 2507 ipse
293 2420 466 2487 Herbitam
486 2445 559 2489 cum
576 2424 636 2488 illa
655 2445 712 2488 sua
730 2423 929 2508 praedonum
948 2425 1044 2509 copia
1062 2446 1174 2489 manu-
1188 2439 1214 2482 2⁵

160 2531 222 2593 que
245 2509 400 2594 venisset,
427 2512 568 2596 populus
592 2511 721 2595 publice
745 2515 885 2576 coactus
898 2515 949 2575 est
972 2512 1002 2576 ei
1025 2512 1175 2577 conferre

160 2598 243 2662 lucri
261 2597 364 2663 tritici
382 2599 526 2664 modium
545 2601 610 2664 11111
628 2603 661 2664 01
685 2599 877 2664 accessionis
900 2597 956 2663 HS
980 2619 1021 2661 00
1037 2619 1088 2665 00.
1124 2600 1174 2664 De

161 2686 343 2751 accessione
376 2687 503 2771 dubito,
536 2710 577 2752 an
600 2687 746 2774 Apronio
779 2687 843 2772 ipsi
871 2687 948 2752 data
976 2687 1021 2752 sit
1049 2709 1174 2754 merces

161 2796 278 2859 operae
307 2778 405 2860 atque
432 2775 654 2860 inpudentiam
682 2776 721 2841 de
747 2775 851 2840 tritici
879 2775 1008 2859 quidem
1035 2798 1174 2842 numero

158 2866 254 2928 tanto
274 2863 346 2948 quis
369 2867 479 2948 potest
503 2864 661 2948 dubitare,
685 2863 763 2947 quin
786 2863 827 2928 ad
849 2863 950 2928 istum
973 2864 1174 2949 praedonem
1188 2884 1215 2923 ³0

159 2950 407 3016 immentarium
426 2951 510 3017 sicut
523 2951 729 3037 Agyrinense
746 2951 947 3016 frumentum
965 2954 1175 3037 pervenerit?

107 3033 149 3098 33
160 3039 255 3104 Anno
283 3040 382 3104 tertio
409 3061 486 3105 vero
514 3040 549 3102 in
575 3040 638 3105 hoc
663 3061 743 3126 agro
768 3040 998 3105 consuetudine
1021 3063 1102 3106 usus
1125 3046 1176 3107 est

159 3127 259 3210 regia.
301 3125 412 3192 Solere
440 3128 531 3192 aiunt
558 3149 653 3212 reges
676 3128 834 3193 barbaros
857 3127 1031 3200 Persarum
1055 3151 1096 3194 ac
1119 3128 1175 3214 Sy·

159 3233 270 3278 rorum
288 3215 398 3297 plures
419 3237 535 3280 uxores
558 3215 688 3300 habere,
711 3216 762 3280 his
786 3219 895 3280 autem
918 3217 1075 3282 uxoribus
1100 3219 1175 3284 civi·

158 3302 244 3362 tates
277 3302 456 3367 attribuere
487 3304 549 3367 hoc
578 3303 688 3368 modo:
719 3303 810 3369 Haec
837 3304 952 3370 civitas
980 3305 1113 3371 mulieri
1141 3307 1213 3371 ins

158 3384 382 3452 redimiculum
403 3390 568 3472 praebeat,
590 3391 671 3455 haec
693 3391 728 3456 in
751 3393 880 3476 collum,
902 3393 984 3456 haec
1006 3393 1042 3457 111
1066 3395 1175 3459 crinis.

157 3467 210 3531 Ite
228 3474 367 3554 populos
387 3475 510 3541 habent
529 3476 697 3542 universos
716 3499 783 3543 11011
801 3481 909 3544 solum
928 3480 1077 3546 conscios
1103 3483 1176 3547 libi-
