2576 3882
353 201 421 256 LIB.
440 201 480 256 111
511 203 589 258 cAP.
610 209 652 272 11,
672 209 870 270 iasar-31.
1049 209 1112 270 281
1176 267 1179 272 .

171 346 281 430 Atque
307 351 346 412 ut
372 347 588 432 intellegatis,
620 347 710 413 cuius
737 348 825 413 modi
852 349 918 414 ista
939 348 1058 414 iudicia
1080 349 1115 414 in
1132 363 1166 413 29

103 434 287 520 octuplum,
310 435 400 500 cuius
424 436 512 501 modi
534 436 629 500 istius
652 437 691 502 de
715 436 849 502 cohorte
871 442 1114 523 recuperatores

103 523 284 588 existimati
316 525 396 607 sint,
430 524 477 588 sic
509 525 675 590 attendite.
725 525 870 609 Ecquem
902 527 1114 592 decumanum

102 612 229 697 putatis
257 613 319 678 hac
342 613 474 678 licentia
497 613 670 698 permissa,
696 618 734 677 ut
755 617 885 679 tantum
909 615 950 679 ab
975 619 1114 699 aratore,

74 704 263 784 aquantum
283 701 500 786 poposcisset,
524 702 680 786 auferret,
702 703 790 787 plus,
813 724 911 787 quam
934 703 1114 787 deberetur,

102 789 314 874 poposcisse?
361 787 572 856 Considerate
599 812 673 855 cum
699 791 817 856 vestris
845 791 963 857 animis
986 795 1114 856 vosmet

102 877 182 962 ipsi,
210 899 342 962 ecquem
370 878 506 962 putetis,
533 878 726 964 praesertim
755 901 829 944 cunr
855 879 889 942 id
915 901 982 944 non
1007 880 1113 944 solum

104 965 253 1051 avaritia,
265 966 322 1030 sed
333 966 432 1031 etiam
443 967 650 1051 inprudentia
661 967 804 1032 accidere
815 967 968 1052 potuerit.
990 967 1113 1031 Multos

102 1075 235 1119 necesse
258 1057 317 1120 est.
358 1054 405 1120 At
390 1059 489 1140 tego
513 1055 618 1121 omnis
642 1056 713 1120 dico
735 1057 819 1140 plus,
843 1078 880 1122 ao
903 1056 1008 1120 multo
1030 1057 1114 1140 plus,

62 1171 88 1211 ιο
104 1164 204 1227 quam
218 1142 385 1208 decumam
401 1144 585 1209 abstulisse.
610 1140 696 1209 Cedo
711 1144 792 1208 mihi
805 1166 905 1209 unum
920 1165 958 1208 ex
971 1143 1112 1210 triennio

103 1234 277 1332 praeturae
296 1235 382 1315 tuae,
405 1232 462 1316 qui
481 1232 604 1317 octupli
622 1233 794 1297 damnatus
819 1233 871 1297 sit.
907 1232 1113 1297 Damnatus?
1148 1313 1150 1316 Ι

103 1319 205 1383 immo
232 1341 325 1402 vero,
351 1319 387 1383 in
415 1341 511 1404 quem
537 1320 692 1385 iudicium
719 1342 758 1385 ex
786 1321 891 1386 edicto
918 1324 976 1385 tuo
1003 1323 1113 1405 postu·

103 1407 153 1472 lat
138 1410 210 1471 tum
225 1407 277 1472 sit.
313 1405 420 1473 Nemo
434 1413 505 1473 erat
523 1408 675 1474 videlicet
693 1414 860 1475 aratorum
861 1409 943 1493 ,qui
961 1409 1114 1473 iniuriam

104 1495 169 1560 sibi
200 1495 323 1561 factam
355 1497 447 1580 queri
478 1501 602 1581 posset,
633 1519 728 1563 nemo
762 1460 1026 1580 deounlanorum,
1059 1494 1115 1580 qui

61 1613 88 1654 rs
104 1605 209 1669 grano
233 1584 383 1669 amplius,
406 1607 503 1669 quam
527 1585 591 1650 sibi
614 1585 792 1670 deberetur,
815 1587 925 1651 deberi
948 1585 1114 1669 professus

100 1675 219 1748 esset„
254 1671 360 1737 Immo
395 1695 473 1738 vero
509 1677 625 1739 eontra
660 1674 810 1759 rapiebat
847 1677 880 1738 et
912 1675 1114 1757 asportabat,

102 1764 263 1844 quantum
281 1783 302 1825 a
320 1782 448 1846 quoque
469 1762 611 1846 volebat,
634 1762 808 1846 Apronius,
830 1762 980 1827 omnibus
1004 1765 1113 1826 autem

102 1849 186 1914 loeis
214 1852 360 1915 aratores
388 1850 522 1934 spoliati
550 1871 586 1916 ao
613 1851 723 1915 vexati
750 1850 983 1934 querebantur,
1009 1870 1114 1932 neque

102 1941 217 2002 tamen
234 1939 340 2002 ullum
362 1938 515 2004 iudicium
538 1939 725 2023 reperietur.
767 1937 849 2014 Quid
873 1943 924 2002 est
946 1936 1030 2002 hoo?
1061 1941 1113 2001 tot
1132 1943 1167 1991 30

57 2057 86 2096 ao
102 2026 168 2091 viri
193 2025 310 2107 fortes,
340 2026 483 2111 honesti,
512 2027 662 2112 gratiosi,
688 2030 742 2092 tot
768 2026 882 2109 Siculi,
908 2029 960 2090 tot
987 2025 1113 2110 equites

101 2114 245 2179 Romani
277 2115 319 2180 ab
351 2114 483 2180 homine
512 2115 712 2200 nequissimo
745 2136 782 2180 ac
813 2114 1003 2199 turpissimo
1031 2113 1114 2179 laesi

102 2223 244 2288 poenam
263 2202 387 2286 octupli
406 2203 475 2268 sine
496 2203 567 2268 ulla
589 2203 793 2268 dubitatione
816 2203 1024 2268 commissam
1047 2223 1114 2267 non

102 2290 404 2376 persequebantur?
436 2313 518 2375 quae
548 2313 659 2375 causa,
692 2313 774 2375 quae
803 2292 888 2356 ratio
918 2291 990 2356 est?
1039 2289 1114 2356 Una

100 2379 177 2461 illa,
204 2379 339 2462 iudices,
367 2401 464 2463 quam
491 2379 622 2464 ridetis,
650 2379 737 2464 quod
763 2381 851 2444 ultro
875 2379 974 2444 etiam
997 2379 1114 2444 illusos

57 2495 86 2536 ss
102 2487 140 2533 se
159 2470 193 2532 et
213 2467 328 2532 irrisos
352 2468 394 2533 ab
416 2468 534 2533 iudicio
558 2468 755 2534 discessuros
778 2468 941 2534 ridebant.
981 2466 1114 2532 Etenim

102 2554 192 2640 quod
217 2559 304 2621 esset
325 2555 492 2641 iudicium,
520 2579 593 2621 oum
616 2577 655 2620 ex
672 2555 787 2622 Verris
809 2556 1000 2642 turpissimo
1024 2556 1114 2641 flagi·

101 2643 348 2728 tiosissimoque
366 2645 523 2710 comitatu
542 2648 610 2710 tres
629 2648 893 2730 recuperatorum
911 2645 1041 2710 nomine
1066 2665 1114 2708 as-

102 2731 265 2797 sedissent
291 2733 460 2798 adseculae
483 2733 578 2798 istius
600 2755 668 2798 non
690 2756 710 2798 a
732 2737 826 2818 patre
849 2733 880 2798 ei
901 2733 1029 2815 traditi,
1056 2731 1113 2796 sed

102 2843 125 2886 a
147 2821 355 2886 meretricula
383 2821 621 2886 commendati?
661 2822 785 2908 Ageret
807 2821 959 2887 videlieet
981 2841 1112 2886 eausam
1131 2823 1163 2872 31

57 2937 86 2978 so
102 2911 226 2991 arator,
247 2909 331 2974 nihil
353 2909 417 2975 sibi
439 2909 596 2974 frumenti
618 2911 660 2975 ab
676 2910 822 2994 Apronio
844 2910 1003 2992 relictum,
1026 2909 1113 2973 bona

101 3019 164 3063 sua
178 2998 278 3062 etiam
296 2997 432 3083 direpta,
451 3019 486 3062 se
504 2998 672 3083 pulsatum
690 2998 959 3081 verberatumque
978 2997 1113 3082 diceret3

100 3085 288 3152 conferrent
319 3086 382 3152 riri
412 3086 492 3150 boni
522 3085 643 3170 capita,
676 3086 714 3150 de
746 3085 973 3152 comissatione
1002 3085 1112 3168 loque

99 3177 217 3238 rentur
238 3173 325 3238 inter
348 3195 383 3239 se
406 3196 444 3240 ac
467 3174 506 3239 de
528 3174 740 3258 mulierculis,
763 3175 792 3239 si
815 3195 896 3258 quas
920 3195 939 3238 a
961 3177 1112 3257 praetore

101 3261 254 3328 abeuntis
268 3266 403 3347 possent
422 3262 742 3346 deprehendere31es
762 3262 817 3348 agi
834 3262 1006 3327 videretur.
1038 3259 1113 3327 Sur-

55 3377 84 3420 as
100 3350 242 3416 rexisset
249 3350 424 3436 Apronius,
441 3373 527 3416 nova
542 3351 685 3437 dignitas
698 3350 873 3434 publicani,
891 3371 957 3416 non
970 3353 1008 3414 ut
1022 3350 1113 3415 decu·

99 3459 220 3504 manus
251 3439 413 3522 squaloris
445 3440 560 3524 plenus
593 3461 630 3504 ac
661 3439 819 3523 pulveris,
851 3439 908 3504 sed
937 3439 1112 3524 unguentis

99 3528 236 3611 oblitus,
257 3529 334 3593 rino
352 3527 540 3612 vigiliisque
558 3527 746 3613 languidus,
769 3527 878 3592 omnia
896 3527 1002 3613 primo
1021 3532 1114 3593 motu
