2504 3876
146 256 148 261 Ι
281 191 348 246 LIB.
367 191 406 246 IV
438 192 515 248 oAP.
534 199 638 248 ar-sa
658 199 673 260 1
693 200 840 250 111-111.
1000 193 1066 260 413

126 332 231 400 Unius
268 336 368 401 etiam
403 336 494 402 urbis
527 337 671 402 omnium
702 337 937 422 pulcherrimae
969 338 1119 424 11111152

61 423 297 508 ornatissimae,
317 422 559 510 Syracusarum,
578 425 793 511 direptionem
806 427 1067 494 commemorabo

61 515 95 576 et
116 513 151 576 in
174 513 316 578 medium
338 512 515 598 proferam,
541 513 677 598 iudices,
703 517 741 579 ut
764 515 938 599 aliquando
961 519 1067 582 totam

60 599 156 665 huius
212 600 316 667 eneris
348 601 530 666 orationem
561 602 752 669 concludam
784 607 881 688 atque
908 604 1067 670 definiam.

27 709 43 749 a
61 687 166 754 Nemo
184 621 251 754 dere
270 692 416 754 vestrum
434 693 494 772 est,
516 690 603 775 quin,
627 711 723 776 quem
741 690 784 756 ad
801 691 933 757 modum
952 697 1067 779 captae

1 776 17 854 3⁴
62 777 129 842 sint
161 798 181 842 a
211 776 255 844 M.
279 776 435 843 Marcello
468 775 659 862 Syracusae,
692 800 788 863 saepe
820 779 971 865 audierit,
1002 802 1068 847 uon

1 879 2 944 j
60 887 239 949 numquam
262 865 362 931 etiam
384 866 419 930 in
442 867 614 932 annalibus
637 866 763 953 legarit.
808 865 962 933 Conferte
984 867 1068 934 hanc

1 949 2 976 ¹
61 975 175 1039 pacem
193 975 267 1020 cum
288 954 347 1020 illo
370 954 473 1038 bello,
494 955 590 1020 huius
613 954 775 1040 praetoris
797 955 973 1021 adventum
995 979 1069 1022 cum

60 1042 151 1107 illius
178 1042 386 1127 imperatoris
412 1042 564 1127 victoria,
591 1042 687 1108 huius
714 1041 882 1109 cohortem
907 1044 1069 1130 impuram

1 1130 245 1216 11111111111111
269 1131 411 1196 exercitu
433 1131 569 1215 invicto,
591 1130 687 1196 huius
710 1130 862 1197 libidines
885 1154 959 1198 cum
980 1133 1068 1198 illius

1 1229 2 1264 ³
62 1218 276 1304 continentia3
304 1219 345 1284 ab
369 1218 442 1303 illo,
468 1219 524 1304 qui
545 1219 644 1304 cepit,
667 1219 827 1304 conditas,
850 1220 892 1285 ab
915 1221 990 1306 hoc,
1014 1221 1070 1306 qui

1 1383 2 1392 χ
61 1307 258 1373 constitutas
277 1307 410 1392 accepit,
433 1311 546 1392 captas
566 1307 679 1373 dicetis
698 1305 882 1392 Syracusas.
919 1307 969 1374 Ac
986 1309 1052 1374 ianr
1072 1323 1123 1374 111

1 1395 2 1422 ³
60 1396 121 1460 illa
148 1395 279 1479 omitto,
308 1417 390 1479 quae
419 1395 562 1480 disperse
590 1418 611 1461 1
637 1417 689 1462 mc
716 1396 829 1462 multis
856 1396 892 1461 in
918 1396 999 1463 locis
1025 1397 1070 1462 di-

1 1475 2 1486 *
61 1486 175 1549 centur
207 1505 244 1550 ao
276 1483 363 1549 dieta
395 1487 485 1567 sunt,
520 1483 629 1550 forum
661 1482 952 1570 Syracusanorum,
984 1485 1070 1570 quod

1 1587 44 1656 jrs
62 1572 201 1636 introitu
218 1571 367 1637 Marcelli
386 1593 504 1656 purum
528 1593 547 1637 a
570 1572 666 1637 caede
689 1575 854 1638 servatum
878 1577 938 1658 est,
961 1573 995 1639 id
1017 1574 1070 1639 ad·

1 1683 2 1746 j
62 1663 163 1726 ventu
180 1658 294 1724 Verris
317 1657 499 1726 Siculorum
527 1659 747 1726 innocentium
775 1661 933 1746 sanguine
955 1662 1069 1727 redun-

1 1757 2 1776 ³
63 1749 170 1828 desse,
206 1751 338 1833 portum
370 1746 660 1833 Syracusanorum,
692 1748 749 1832 qui
779 1751 850 1814 tum
883 1753 916 1814 et
947 1750 1069 1815 uostris

63 1833 223 1902 classibus
256 1840 290 1901 et
320 1835 644 1923 Karthaginiensium
676 1837 804 1902 clausus
835 1835 965 1921 fuisset,
997 1859 1070 1904 aum

62 1925 128 1990 isto
156 1927 305 2008 praetore
329 1921 467 1990 Cilicum
494 1924 686 2010 myoparoni
713 1923 993 2010 praedonibusque
1015 1948 1070 2010 pa

1 2011 179 2097 ᾖ1111111111
202 2012 299 2078 mitto
318 2011 500 2078 adhibitam
517 2013 585 2079 uim
602 2013 762 2099 ingenuis,
784 2017 907 2080 matres
927 2013 1070 2080 familias

62 2100 214 2185 violatas,
237 2105 408 2185 quactum
431 2101 466 2166 in
487 2101 568 2166 urbe
591 2105 688 2186 capta
710 2100 885 2166 commissa
905 2123 973 2168 nou
995 2106 1071 2167 sunt

1 2219 2 2224 ¹
62 2211 167 2274 neque
186 2187 260 2255 odio
279 2189 394 2255 hostili
413 2211 518 2274 neque
539 2188 673 2255 lieentia
695 2189 833 2254 militari
853 2198 958 2273 neque
979 2211 1070 2256 more

62 2277 144 2343 belli
161 2298 265 2362 neque
283 2278 353 2343 iure
371 2277 540 2361 victoriae,
560 2277 667 2361 mitto,
689 2277 832 2363 inquam,
854 2276 935 2344 haee
953 2278 1071 2363 omnia,

65 2387 147 2451 quae
175 2367 217 2430 ab
244 2367 309 2432 isto
335 2387 394 2451 per
420 2365 595 2431 triennium
622 2365 767 2452 perfecta
793 2370 882 2451 sunt3
909 2387 961 2451 ea,
989 2389 1071 2452 quae

17 2473 49 2514 as
65 2454 237 2519 coniuncta
260 2476 332 2519 cum
355 2453 423 2519 illis
446 2455 542 2520 rebus
566 2459 650 2540 sunt,
674 2454 713 2520 de
736 2454 854 2540 quibus
877 2459 974 2520 autea
997 2455 1072 2542 dixi,

65 2542 260 2628 cognoscite.
1054 2620 1058 2628 ¹

131 2628 255 2695 Urbem
274 2628 450 2714 Syracusas
470 2631 646 2696 maximam
664 2653 735 2697 asse
755 2629 961 2715 Graecarum,
984 2633 1054 2716 pul·
1074 2645 1124 2694 111
1147 2660 1150 2665 ’

64 2716 260 2784 cherrimam
284 2719 428 2785 omnium
452 2740 547 2804 saepe
571 2719 715 2785 audistis.
755 2718 831 2804 Est,
858 2718 993 2802 iudices,
1014 2719 1072 2805 ita,

65 2810 103 2871 ut
136 2805 261 2872 dicitur.
305 2805 392 2872 Nam
425 2811 459 2872 et
490 2807 557 2872 situ
587 2812 638 2872 est
664 2830 737 2874 cnm
763 2807 903 2890 munito,
935 2810 1006 2871 tum
1033 2827 1072 2871 ex

17 2917 49 2958 eo
66 2893 156 2960 omni
175 2894 265 2960 aditu
283 2894 335 2960 vel
353 2899 443 2960 tarra
460 2893 512 2961 'uel
536 2897 619 2961 mari
641 2896 808 2980 praeclaro
832 2893 874 2959 ad
896 2897 1072 2978 aspectum,

65 2987 100 3048 et
112 2986 227 3068 portus
241 2982 342 3048 habet
355 3005 456 3070 propa
469 2983 506 3049 in
519 2983 739 3049 aedificatione
753 2983 967 3068 amplexuque
981 2982 1071 3046 urbis

63 3072 220 3155 inclusos3
253 3071 309 3155 qui
339 3093 413 3138 curn
438 3071 582 3137 diversos
609 3072 695 3136 inter
723 3092 757 3135 se
785 3071 892 3135 aditus
919 3069 1072 3154 habeant,

64 3161 100 3225 in
112 3160 201 3224 exitu
212 3160 453 3246 coniunguntur
467 3163 500 3224 et
513 3160 686 3225 confluunt.
708 3157 833 3224 Eorum
847 3157 1071 3223 coniunctione

64 3269 141 3332 pars
169 3248 293 3334 oppidi,
325 3269 408 3332 quae
436 3248 620 3332 appellatur
646 3246 771 3331 Insula,
803 3246 886 3311 mari
911 3245 1072 3312 disiuncta
1081 3297 1123 3361 53

17 3353 49 3397 ss
66 3339 207 3420 angusto
240 3339 338 3421 ponte
366 3357 477 3402 rursus
501 3335 689 3421 adiungitur
711 3339 745 3400 et
767 3335 959 3400 continetur.
1003 3333 1055 3400 Ea
1074 3373 1123 3422 118

65 3427 229 3496 tantaest
251 3426 343 3510 urbs,
366 3428 404 3490 ut
428 3445 467 3488 ex
490 3427 645 3509 quattuor
667 3423 802 3488 urbibus
825 3423 975 3504 maximis
998 3445 1072 3490 con·

65 3514 153 3576 stare
173 3511 312 3598 dicatur3
335 3535 472 3598 quarum
492 3533 558 3577 una
581 3515 632 3576 est
654 3533 705 3595 aa,
729 3534 826 3597 quam
849 3511 929 3596 dixi,
951 3511 1071 3598 Insula,
