2590 3884
357 240 458 297 mul
488 242 566 299 cAP.
586 249 691 300 11-11
710 249 853 310 sor-oe.
1056 246 1120 311 165

102 406 171 450 esse
191 384 412 472 Graecorum,
435 387 529 453 utin
553 388 701 455 convivio
725 388 870 455 virorum
893 390 1120 456 accumberent

102 473 264 542 mulieres.
308 474 373 541 Hic
394 479 464 540 tum
489 476 573 542 alius
597 499 636 542 ex
659 477 725 543 alia
747 481 854 562 parte:
878 477 1118 545 ‘Enimvero

101 561 305 629 ferendum
323 563 397 631 hoc
415 565 569 649 quidem
587 586 663 630 non
681 569 751 650 est,
775 571 935 633 vocetur
955 566 1118 633 mulierl'

101 650 145 715 111
162 653 265 717 simul
286 652 390 718 servis
408 653 477 718 suis
495 653 648 738 Rubrius,
671 658 709 720 ut
726 655 858 720 ienuam
881 656 1068 721 clauderent
1087 660 1120 721 et

8 747 11 780 1
79 739 164 825 sipsi
191 741 236 806 ad
257 741 348 807 fores
371 741 576 825 assisterent,
605 742 756 827 imperat.
800 743 893 819 Quod
914 744 973 810 ubi
994 745 1051 810 ille
1073 745 1172 809 111-67

101 829 243 913 11111111,
277 829 312 894 id
343 830 399 916 agi
430 833 529 915 atque
560 831 595 895 id
625 831 749 916 parari,
771 836 820 896 'ut
849 832 938 897 filiae
966 853 1043 898 suae
1070 834 1119 899 vis

103 917 289 1002 afferretur,
317 939 428 984 servos
457 941 533 984 suos
563 920 603 984 ad
631 941 666 985 se
693 923 804 1004 vocat3
831 919 884 986 his
906 921 1060 1005 imperat,
1082 926 1121 986 ut

103 1027 135 1071 se
161 1007 276 1092 ipsum
307 1007 500 1095 neglegant,
530 1007 634 1073 filiam
664 1008 852 1092 defendant3
885 1012 1036 1074 excurrat
1063 1011 1120 1074 ali-

103 1094 187 1179 quis,
222 1095 281 1181 qui
311 1094 374 1162 boo
405 1099 536 1161 tentum
568 1096 739 1163 domestici
770 1096 851 1163 mali
881 1097 950 1163 filio
982 1098 1119 1163 nuntiet.

67 1205 91 1244 ιο
104 1182 240 1249 Clamor
253 1183 380 1250 interea
393 1185 434 1250 fit
446 1188 519 1250 tote
536 1184 646 1270 domo,
664 1186 751 1250 inter
769 1207 881 1252 servos
899 1185 1004 1251 Rubri
1022 1188 1120 1270 atque

102 1272 246 1358 hospitis
278 1272 421 1338 iactatur
453 1274 541 1339 domi
572 1295 649 1339 suae
676 1275 727 1340 111
753 1274 929 1359 primarius
958 1278 992 1340 et
1021 1274 1120 1341 homo

102 1360 372 1446 honestissimum
408 1383 469 1448 pro
506 1384 540 1428 se
573 1363 709 1447 quisque
741 1385 856 1428 manus
889 1363 997 1448 affert3
1035 1386 1121 1449 aqua

103 1449 242 1536 denique
273 1449 414 1515 ferventi
437 1472 458 1516 a
478 1450 604 1517 Rubrio
625 1451 699 1537 ipso
721 1451 933 1518 Philodamus
956 1451 1121 1538 perfundi·

103 1542 164 1604 tur.
213 1538 303 1604 Haec
324 1538 382 1604 ubi
403 1537 473 1604 filio
495 1539 647 1605 nuntiata
669 1544 756 1625 sunt,
778 1541 894 1606 statim
916 1541 1121 1606 exanimatus

68 1645 90 1687 rs
104 1627 144 1692 ad
170 1626 263 1693 aedis
291 1627 471 1712 contendit,
502 1631 541 1692 ut
568 1631 602 1693 et
627 1628 715 1693 vitae
744 1629 849 1714 patris
881 1632 915 1693 et
945 1629 1121 1715 pudicitiae

104 1716 227 1782 sororis
251 1720 466 1800 succurreret3
495 1737 607 1782 omnes
630 1716 743 1782 eodem
767 1717 875 1782 animo
897 1715 1121 1802 Lampsaceni,

105 1804 203 1870 simul
235 1807 273 1869 ut
304 1804 367 1870 hoc
399 1805 583 1889 audierunt,
621 1806 707 1890 quod
739 1826 794 1870 eos
830 1827 903 1871 cunr
934 1804 1121 1870 Philodami

104 1893 262 1979 dignitas,
289 1895 361 1958 tum
383 1892 521 1959 iniuriae
545 1893 736 1980 magnitudo
759 1893 926 1976 movebat,
957 1894 998 1958 ad
1025 1893 1120 1960 aedes

5 2013 8 2028 ν
103 1985 203 2048 noctu
236 1985 465 2047 convenemmt.
513 1980 576 2047 Hic
606 1982 702 2048 lictor
728 1982 825 2047 istius
852 1979 1037 2064 Cornelius,
1065 1980 1121 2065 qui

67 2088 92 2129 11
105 2092 177 2136 cum
201 2069 271 2135 cius
295 2069 398 2136 servis
421 2073 493 2136 erat
515 2092 535 2135 a
556 2069 681 2136 Rubrio
705 2069 799 2154 quasi
827 2069 862 2135 in
888 2070 1050 2156 praesidio
1080 2069 1121 2135 ad

106 2158 315 2224 auferendam
337 2158 508 2224 mulierem
530 2159 724 2242 collocatus,
753 2158 923 2243 occiditur,
946 2156 1033 2224 servi
1054 2179 1122 2224 non

103 2247 186 2313 nulli
217 2247 445 2331 vulnerantur,
476 2247 547 2332 ipse
575 2247 718 2312 Rubrius
751 2247 786 2312 in
817 2247 916 2313 turba
948 2246 1120 2312 sauciatur.

105 2336 185 2420 Iste,
218 2335 276 2419 qui
303 2355 362 2400 sua
394 2335 571 2420 cupiditate
602 2339 714 2400 tantos
747 2336 908 2400 tumultus
940 2334 1120 2401 concitatos
1130 2383 1173 2448 27
1235 2343 1238 2352 “

105 2424 242 2508 videret,
273 2445 389 2508 cupere
416 2423 527 2508 aliqua
554 2425 697 2508 evolare,
729 2424 757 2487 11
788 2426 910 2509 posset.
958 2423 1121 2489 Postridie
1139 2461 1174 2514 68

68 2512 611 2578 ahommesmaneincontionem
627 2511 836 2596 conveniunt3
855 2516 1025 2597 quaerrmt,
1043 2513 1121 2596 quid
1286 2515 1287 2540 l

106 2601 267 2686 optimum
289 2601 379 2666 factu
403 2600 460 2684 sit,
483 2622 543 2686 pro
567 2622 602 2666 se
626 2600 770 2685 quisque,
794 2604 831 2666 ut
848 2601 883 2665 in
902 2623 1031 2685 quoquc
1050 2604 1121 2666 erat

105 2688 311 2756 auctoritatis
335 2689 521 2775 plurimum,
544 2689 586 2755 ad
603 2689 761 2774 populum
779 2689 988 2774 loquebatur3
1011 2689 1121 2754 inven-

105 2781 157 2843 tus
181 2781 233 2842 est
255 2799 365 2862 nemo,
393 2776 483 2843 cuius
505 2799 573 2844 non
598 2778 679 2843 haec
710 2781 744 2842 et
775 2778 938 2843 sententia
970 2781 1056 2842 esset
1088 2780 1121 2842 et

104 2867 225 2951 oratio,
253 2888 320 2932 non
347 2887 418 2932 1111
446 2865 667 2950 metuendum,
698 2865 727 2930 si
752 2864 848 2930 istius
871 2864 1033 2931 nefarium
1056 2885 1121 2928 sce·

67 2956 156 3021 alus
183 2954 399 3041 Lampsaceni
425 2954 487 3020 ulti
514 2955 548 3020 vi
575 2976 736 3038 manuque
764 2957 887 3038 essent,
917 2973 959 3017 nc
989 2955 1121 3018 senatus

103 3043 309 3130 populusque
331 3043 499 3110 Romanus
521 3043 557 3108 in
579 3065 651 3108 eam
673 3043 842 3109 civitatem
864 3040 1122 3106 animadverten-

105 3133 182 3198 dum
204 3135 347 3218 putaret.
392 3131 515 3208 Quodsi
537 3130 600 3197 hoc
621 3132 691 3198 iure
714 3130 818 3216 legati
844 3128 960 3214 populi
981 3128 1122 3194 1111111111

104 3221 139 3285 in
162 3220 270 3287 socios
292 3220 506 3305 nationesque
525 3224 653 3286 exteras
671 3222 850 3300 uterentur,
872 3221 911 3282 ut
931 3217 1121 3302 pudicitiam

104 3309 283 3375 liberorum
298 3331 428 3375 servare
446 3311 488 3375 ab
508 3330 620 3375 eorum
638 3307 773 3373 libidine
791 3309 898 3371 tutam
915 3327 983 3371 non
1000 3305 1122 3390 liceret,

66 3413 91 3456 ⁸⁶
106 3398 234 3482 quidvis
263 3419 333 3463 esse
360 3397 489 3484 perpeti
517 3397 621 3462 satius
649 3417 747 3481 quam
772 3395 809 3459 in
835 3397 931 3459 tanta
957 3394 991 3461 vi
1022 3397 1121 3479 atque

105 3486 285 3554 acerbitate
304 3487 437 3553 versari.
473 3485 563 3551 Haec
581 3507 655 3551 cum
674 3504 786 3548 omnes
805 3481 974 3567 sentirent,
998 3486 1121 3548 etcum
1140 3501 1175 3552 19

104 3575 235 3642 ineam
258 3575 417 3642 rationem
440 3597 500 3661 pro
525 3595 583 3639 suo
607 3572 743 3657 quisque
767 3591 862 3636 sensu
886 3592 923 3635 ec
946 3571 1057 3637 dolore
1076 3571 1122 3637 lo·
