<?xml version="1.0" encoding="UTF-8"?>
<!DOCTYPE html PUBLIC "-//W3C//DTD XHTML 1.0 Transitional//EN"
    "http://www.w3.org/TR/xhtml1/DTD/xhtml1-transitional.dtd">
<html xmlns="http://www.w3.org/1999/xhtml" xml:lang="en" lang="en">
 <head>
  <title>
</title>
<meta http-equiv="Content-Type" content="text/html;charset=utf-8" />
  <meta name='ocr-system' content='tesseract 3.04.00' />
  <meta name='ocr-capabilities' content='ocr_page ocr_carea ocr_par ocr_line ocrx_word'/>
</head>
<body>
  <div class='ocr_page' id='page_1' title='image "./scriptaquaemans01mullgoog_0417.png"; bbox 0 0 2558 3884; ppageno 0'>
   <div class='ocr_carea' id='block_1_1' title="bbox 122 218 829 288">
    <p class='ocr_par' dir='ltr' id='par_1_1' title="bbox 122 218 829 288">
     <span class='ocr_line' id='line_1_1' title="bbox 122 218 829 288; baseline -0.023 1"><span class='ocrx_word' id='word_1_1' title='bbox 122 225 187 288; x_wconf 78' lang='lat'>302</span> <span class='ocrx_word' id='word_1_2' title='bbox 385 251 390 260; x_wconf 88' lang='lat'><strong>·</strong></span> <span class='ocrx_word' id='word_1_3' title='bbox 416 219 456 275; x_wconf 86' lang='lat' dir='ltr'>IN</span> <span class='ocrx_word' id='word_1_4' title='bbox 475 219 503 274; x_wconf 82' lang='lat' dir='ltr'>G.</span> <span class='ocrx_word' id='word_1_5' title='bbox 522 218 677 275; x_wconf 78' lang='lat' dir='ltr'>VERREM</span> <span class='ocrx_word' id='word_1_6' title='bbox 695 218 776 274; x_wconf 83' lang='lat' dir='ltr'>ACT.</span> <span class='ocrx_word' id='word_1_7' title='bbox 794 218 829 273; x_wconf 92' lang='lat' dir='ltr'>II.</span> 
     </span>
    </p>
   </div>
   <div class='ocr_carea' id='block_1_2' title="bbox 27 362 1279 3622">
    <p class='ocr_par' dir='ltr' id='par_1_2' title="bbox 27 362 1279 3622">
     <span class='ocr_line' id='line_1_2' title="bbox 122 362 1262 448; baseline -0.005 -16"><span class='ocrx_word' id='word_1_8' title='bbox 122 369 212 448; x_wconf 90' lang='lat' dir='ltr'>dare,</span> <span class='ocrx_word' id='word_1_9' title='bbox 237 387 278 430; x_wconf 91' lang='lat' dir='ltr'>ne</span> <span class='ocrx_word' id='word_1_10' title='bbox 304 364 390 430; x_wconf 82' lang='lat' dir='ltr'>forte</span> <span class='ocrx_word' id='word_1_11' title='bbox 418 365 459 429; x_wconf 92' lang='lat' dir='ltr'>ab</span> <span class='ocrx_word' id='word_1_12' title='bbox 487 368 646 430; x_wconf 89' lang='lat' dir='ltr'>nocturno</span> <span class='ocrx_word' id='word_1_13' title='bbox 676 385 733 428; x_wconf 89' lang='lat' dir='ltr'>suo</span> <span class='ocrx_word' id='word_1_14' title='bbox 761 366 899 447; x_wconf 87' lang='lat' dir='ltr'>quaestu</span> <span class='ocrx_word' id='word_1_15' title='bbox 922 362 1067 428; x_wconf 85' lang='lat' dir='ltr'>animum</span> <span class='ocrx_word' id='word_1_16' title='bbox 1092 362 1137 427; x_wconf 89' lang='lat' dir='ltr'>ad</span> <span class='ocrx_word' id='word_1_17' title='bbox 1227 363 1262 441; x_wconf 78' lang='lat' dir='ltr'>nr</span> 
     </span>
     <span class='ocr_line' id='line_1_3' title="bbox 69 433 1267 540; baseline -0.006 -19"><span class='ocrx_word' id='word_1_18' title='bbox 69 469 102 520; x_wconf 77' lang='lat'>³19</span> <span class='ocrx_word' id='word_1_19' title='bbox 122 454 296 540; x_wconf 79' lang='lat' dir='ltr'>vectigalia</span> <span class='ocrx_word' id='word_1_20' title='bbox 310 452 495 518; x_wconf 90' lang='lat' dir='ltr'>redimenda</span> <span class='ocrx_word' id='word_1_21' title='bbox 508 452 710 517; x_wconf 87' lang='lat' dir='ltr'>transferret.</span> <span class='ocrx_word' id='word_1_22' title='bbox 741 450 957 516; x_wconf 85' lang='lat' dir='ltr'>Transactum</span> <span class='ocrx_word' id='word_1_23' title='bbox 969 451 1138 536; x_wconf 86' lang='lat' dir='ltr'>putabant</span> <span class='ocrx_word' id='word_1_24' title='bbox 1229 433 1267 493; x_wconf 63' lang='grc' dir='ltr'>Μ</span> 
     </span>
     <span class='ocr_line' id='line_1_4' title="bbox 121 537 1262 626; baseline -0.005 -18"><span class='ocrx_word' id='word_1_25' title='bbox 121 542 347 626; x_wconf 78' lang='lat' dir='ltr'><strong>Herbitenses,</strong></span> <span class='ocrx_word' id='word_1_26' title='bbox 375 564 448 607; x_wconf 90' lang='lat' dir='ltr'>oum</span> <span class='ocrx_word' id='word_1_27' title='bbox 473 541 550 606; x_wconf 88' lang='lat' dir='ltr'>iste:</span> <span class='ocrx_word' id='word_1_28' title='bbox 584 539 715 616; x_wconf 75' lang='lat' dir='ltr'>‘Quidr</span> <span class='ocrx_word' id='word_1_29' title='bbox 744 539 787 604; x_wconf 91' lang='lat' dir='ltr'>de</span> <span class='ocrx_word' id='word_1_30' title='bbox 814 537 984 623; x_wconf 91' lang='lat' dir='ltr'>herdeo&#39;,</span> <span class='ocrx_word' id='word_1_31' title='bbox 1015 539 1137 623; x_wconf 91' lang='lat' dir='ltr'>inquit,</span> <span class='ocrx_word' id='word_1_32' title='bbox 1231 543 1262 582; x_wconf 73' lang='grc' dir='ltr'>Μ</span> 
     </span>
     <span class='ocr_line' id='line_1_5' title="bbox 123 625 1278 713; baseline -0.004 -17"><span class='ocrx_word' id='word_1_33' title='bbox 123 632 175 696; x_wconf 80' lang='lat' dir='ltr'>‘et</span> <span class='ocrx_word' id='word_1_34' title='bbox 203 631 245 695; x_wconf 90' lang='lat' dir='ltr'>de</span> <span class='ocrx_word' id='word_1_35' title='bbox 268 629 440 713; x_wconf 83' lang='lat' dir='ltr'>Docimo,</span> <span class='ocrx_word' id='word_1_36' title='bbox 472 629 638 694; x_wconf 86' lang='lat' dir='ltr'>amiculo</span> <span class='ocrx_word' id='word_1_37' title='bbox 670 649 765 711; x_wconf 89' lang='lat' dir='ltr'>meo,</span> <span class='ocrx_word' id='word_1_38' title='bbox 794 627 884 712; x_wconf 90' lang='lat' dir='ltr'>quid</span> <span class='ocrx_word' id='word_1_39' title='bbox 907 625 1136 713; x_wconf 81' lang='lat' dir='ltr'>cogitatis‘?&#39;</span> <span class='ocrx_word' id='word_1_40' title='bbox 1233 628 1278 673; x_wconf 82' lang='lat' dir='ltr'>:uu</span> 
     </span>
     <span class='ocr_line' id='line_1_6' title="bbox 121 715 1275 804; baseline -0.004 -20"><span class='ocrx_word' id='word_1_41' title='bbox 121 720 231 804; x_wconf 80' lang='lat' dir='ltr'><strong>Atque</strong></span> <span class='ocrx_word' id='word_1_42' title='bbox 249 719 312 783; x_wconf 91' lang='lat' dir='ltr'>hoo</span> <span class='ocrx_word' id='word_1_43' title='bbox 335 718 455 804; x_wconf 81' lang='lat' dir='ltr'>agebat</span> <span class='ocrx_word' id='word_1_44' title='bbox 476 717 512 782; x_wconf 91' lang='lat' dir='ltr'>in</span> <span class='ocrx_word' id='word_1_45' title='bbox 534 716 691 799; x_wconf 90' lang='lat' dir='ltr'>cubiculo,</span> <span class='ocrx_word' id='word_1_46' title='bbox 713 715 844 801; x_wconf 90' lang='lat' dir='ltr'>indices,</span> <span class='ocrx_word' id='word_1_47' title='bbox 868 718 965 800; x_wconf 89' lang='lat' dir='ltr'>atque</span> <span class='ocrx_word' id='word_1_48' title='bbox 988 716 1024 780; x_wconf 92' lang='lat' dir='ltr'>in</span> <span class='ocrx_word' id='word_1_49' title='bbox 1045 716 1168 781; x_wconf 84' lang='lat' dir='ltr'>lecto⁵</span> <span class='ocrx_word' id='word_1_50' title='bbox 1234 723 1275 801; x_wconf 93' lang='grc' dir='ltr'>Μ</span> 
     </span>
     <span class='ocr_line' id='line_1_7' title="bbox 123 789 1278 893; baseline -0.005 -21"><span class='ocrx_word' id='word_1_51' title='bbox 123 831 190 872; x_wconf 89' lang='lat' dir='ltr'>suo.</span> <span class='ocrx_word' id='word_1_52' title='bbox 239 805 415 893; x_wconf 78' lang='lat' dir='ltr'>Negabant</span> <span class='ocrx_word' id='word_1_53' title='bbox 445 805 496 870; x_wconf 93' lang='lat' dir='ltr'>illi</span> <span class='ocrx_word' id='word_1_54' title='bbox 529 805 700 890; x_wconf 89' lang='lat' dir='ltr'>quicquam</span> <span class='ocrx_word' id='word_1_55' title='bbox 733 804 797 868; x_wconf 90' lang='lat' dir='ltr'>sibi</span> <span class='ocrx_word' id='word_1_56' title='bbox 829 825 900 869; x_wconf 91' lang='lat' dir='ltr'>esse</span> <span class='ocrx_word' id='word_1_57' title='bbox 932 803 1136 869; x_wconf 89' lang='lat' dir='ltr'>mandatnm.</span> <span class='ocrx_word' id='word_1_58' title='bbox 1236 789 1278 853; x_wconf 73' lang='lat' dir='ltr'>tlh</span> 
     </span>
     <span class='ocr_line' id='line_1_8' title="bbox 123 890 1257 978; baseline -0.005 -17"><span class='ocrx_word' id='word_1_59' title='bbox 123 896 224 961; x_wconf 74' lang='lat' dir='ltr'>‘Non</span> <span class='ocrx_word' id='word_1_60' title='bbox 260 895 386 978; x_wconf 88' lang='lat' dir='ltr'>audio;</span> <span class='ocrx_word' id='word_1_61' title='bbox 421 898 619 960; x_wconf 88' lang='lat' dir='ltr'>numerate</span> <span class='ocrx_word' id='word_1_62' title='bbox 650 890 711 957; x_wconf 81' lang='lat' dir='ltr'>HS</span> <span class='ocrx_word' id='word_1_63' title='bbox 742 891 815 957; x_wconf 67' lang='lat' dir='ltr'>iii?</span> <span class='ocrx_word' id='word_1_64' title='bbox 869 890 952 967; x_wconf 83' lang='lat' dir='ltr'>Quid</span> <span class='ocrx_word' id='word_1_65' title='bbox 987 892 1137 958; x_wconf 89' lang='lat' dir='ltr'>facerent</span> <span class='ocrx_word' id='word_1_66' title='bbox 1240 902 1257 976; x_wconf 75' lang='lat' dir='ltr'>:p</span> 
     </span>
     <span class='ocr_line' id='line_1_9' title="bbox 122 980 1136 1067; baseline -0.004 -18"><span class='ocrx_word' id='word_1_67' title='bbox 122 984 234 1050; x_wconf 90' lang='lat' dir='ltr'>miseri</span> <span class='ocrx_word' id='word_1_68' title='bbox 257 986 314 1048; x_wconf 89' lang='lat' dir='ltr'>aut</span> <span class='ocrx_word' id='word_1_69' title='bbox 337 982 415 1067; x_wconf 92' lang='lat' dir='ltr'>quid</span> <span class='ocrx_word' id='word_1_70' title='bbox 437 982 645 1048; x_wconf 71' lang='lat' dir='ltr'>recusarent?</span> <span class='ocrx_word' id='word_1_71' title='bbox 677 981 871 1066; x_wconf 87' lang='lat' dir='ltr'>praesertim</span> <span class='ocrx_word' id='word_1_72' title='bbox 894 1003 967 1045; x_wconf 90' lang='lat' dir='ltr'>cnm</span> <span class='ocrx_word' id='word_1_73' title='bbox 989 980 1136 1045; x_wconf 88' lang='lat' dir='ltr'>inlecto</span> 
     </span>
     <span class='ocr_line' id='line_1_10' title="bbox 124 1068 1278 1154; baseline -0.006 -16"><span class='ocrx_word' id='word_1_74' title='bbox 124 1073 319 1138; x_wconf 80' lang='lat' dir='ltr'><strong>decumanae</strong></span> <span class='ocrx_word' id='word_1_75' title='bbox 341 1070 487 1135; x_wconf 90' lang='lat' dir='ltr'>mulieris</span> <span class='ocrx_word' id='word_1_76' title='bbox 509 1069 649 1154; x_wconf 79' lang='lat' dir='ltr'>uestigia</span> <span class='ocrx_word' id='word_1_77' title='bbox 671 1069 818 1134; x_wconf 86' lang='lat' dir='ltr'>viderent</span> <span class='ocrx_word' id='word_1_78' title='bbox 840 1068 991 1152; x_wconf 74' lang='lat' dir='ltr'>recentia,</span> <span class='ocrx_word' id='word_1_79' title='bbox 1014 1068 1136 1152; x_wconf 89' lang='lat' dir='ltr'>quibus</span> <span class='ocrx_word' id='word_1_80' title='bbox 1248 1080 1278 1108; x_wconf 95' lang='grc' dir='ltr'>Μ</span> 
     </span>
     <span class='ocr_line' id='line_1_11' title="bbox 122 1155 1262 1242; baseline -0.011 -16"><span class='ocrx_word' id='word_1_81' title='bbox 122 1162 217 1227; x_wconf 89' lang='lat' dir='ltr'>illum</span> <span class='ocrx_word' id='word_1_82' title='bbox 235 1158 431 1225; x_wconf 88' lang='lat' dir='ltr'>inflammari</span> <span class='ocrx_word' id='word_1_83' title='bbox 441 1157 491 1223; x_wconf 81' lang='lat' dir='ltr'>ad</span> <span class='ocrx_word' id='word_1_84' title='bbox 507 1157 779 1241; x_wconf 89' lang='lat' dir='ltr'>perseverandum</span> <span class='ocrx_word' id='word_1_85' title='bbox 796 1157 1041 1242; x_wconf 73' lang='lat' dir='ltr'>intellegebant.</span> <span class='ocrx_word' id='word_1_86' title='bbox 1080 1155 1137 1221; x_wconf 89' lang='lat' dir='ltr'>Ita</span> <span class='ocrx_word' id='word_1_87' title='bbox 1154 1175 1184 1215; x_wconf 86' lang='lat' dir='ltr'>ro</span> <span class='ocrx_word' id='word_1_88' title='bbox 1247 1167 1262 1240; x_wconf 74' lang='lat' dir='ltr'>t</span> 
     </span>
     <span class='ocr_line' id='line_1_12' title="bbox 124 1244 1279 1329; baseline -0.006 -14"><span class='ocrx_word' id='word_1_89' title='bbox 124 1250 239 1316; x_wconf 80' lang='lat' dir='ltr'>civitas</span> <span class='ocrx_word' id='word_1_90' title='bbox 267 1269 332 1312; x_wconf 90' lang='lat' dir='ltr'>una</span> <span class='ocrx_word' id='word_1_91' title='bbox 361 1246 522 1311; x_wconf 90' lang='lat' dir='ltr'>sociorum</span> <span class='ocrx_word' id='word_1_92' title='bbox 550 1249 648 1329; x_wconf 89' lang='lat' dir='ltr'>atque</span> <span class='ocrx_word' id='word_1_93' title='bbox 676 1245 853 1310; x_wconf 88' lang='lat' dir='ltr'>amicorum</span> <span class='ocrx_word' id='word_1_94' title='bbox 880 1245 1005 1310; x_wconf 87' lang='lat' dir='ltr'>duabus</span> <span class='ocrx_word' id='word_1_95' title='bbox 1029 1244 1138 1309; x_wconf 90' lang='lat' dir='ltr'>deter-</span> <span class='ocrx_word' id='word_1_96' title='bbox 1250 1259 1279 1297; x_wconf 68' lang='lat' dir='ltr'>r-</span> 
     </span>
     <span class='ocr_line' id='line_1_13' title="bbox 27 1327 1276 1419; baseline -0.007 -16"><span class='ocrx_word' id='word_1_97' title='bbox 27 1349 30 1352; x_wconf 83' lang='lat'>&#39;</span> <span class='ocrx_word' id='word_1_98' title='bbox 122 1338 215 1402; x_wconf 90' lang='lat' dir='ltr'>rimis</span> <span class='ocrx_word' id='word_1_99' title='bbox 238 1334 436 1401; x_wconf 82' lang='lat' dir='ltr'>mulierculis</span> <span class='ocrx_word' id='word_1_100' title='bbox 454 1332 556 1398; x_wconf 87' lang='lat' dir='ltr'>Verre</span> <span class='ocrx_word' id='word_1_101' title='bbox 578 1336 730 1418; x_wconf 91' lang='lat' dir='ltr'>praetore</span> <span class='ocrx_word' id='word_1_102' title='bbox 752 1333 924 1419; x_wconf 82' lang='lat' dir='ltr'>vectigalis</span> <span class='ocrx_word' id='word_1_103' title='bbox 946 1332 1018 1398; x_wconf 90' lang='lat' dir='ltr'>fuit.</span> <span class='ocrx_word' id='word_1_104' title='bbox 1251 1327 1276 1358; x_wconf 58' lang='lat'>&#39;¹³</span> 
     </span>
     <span class='ocr_line' id='line_1_14' title="bbox 190 1421 1276 1508; baseline -0.003 -20"><span class='ocrx_word' id='word_1_105' title='bbox 190 1427 298 1507; x_wconf 87' lang='lat' dir='ltr'>Atque</span> <span class='ocrx_word' id='word_1_106' title='bbox 331 1443 392 1508; x_wconf 82' lang='lat' dir='ltr'>ego</span> <span class='ocrx_word' id='word_1_107' title='bbox 424 1443 509 1486; x_wconf 92' lang='lat' dir='ltr'>nunc</span> <span class='ocrx_word' id='word_1_108' title='bbox 537 1444 610 1487; x_wconf 90' lang='lat' dir='ltr'>enm</span> <span class='ocrx_word' id='word_1_109' title='bbox 636 1421 793 1487; x_wconf 88' lang='lat' dir='ltr'>frumenti</span> <span class='ocrx_word' id='word_1_110' title='bbox 820 1443 989 1486; x_wconf 88' lang='lat' dir='ltr'>numerum</span> <span class='ocrx_word' id='word_1_111' title='bbox 1017 1424 1051 1486; x_wconf 89' lang='lat' dir='ltr'>et</span> <span class='ocrx_word' id='word_1_112' title='bbox 1078 1442 1136 1486; x_wconf 87' lang='lat' dir='ltr'>eas</span> <span class='ocrx_word' id='word_1_113' title='bbox 1254 1436 1276 1496; x_wconf 73' lang='lat' dir='ltr'>{u</span> 
     </span>
     <span class='ocr_line' id='line_1_15' title="bbox 123 1509 1273 1598; baseline -0.003 -22"><span class='ocrx_word' id='word_1_114' title='bbox 123 1511 275 1598; x_wconf 83' lang='lat' dir='ltr'>pecunias</span> <span class='ocrx_word' id='word_1_115' title='bbox 307 1509 436 1596; x_wconf 91' lang='lat' dir='ltr'>publice</span> <span class='ocrx_word' id='word_1_116' title='bbox 468 1510 653 1576; x_wconf 81' lang='lat' dir='ltr'>decumanis</span> <span class='ocrx_word' id='word_1_117' title='bbox 685 1510 727 1574; x_wconf 90' lang='lat' dir='ltr'>ab</span> <span class='ocrx_word' id='word_1_118' title='bbox 756 1509 1006 1575; x_wconf 83' lang='lat' dir='ltr'>Herbitensibus</span> <span class='ocrx_word' id='word_1_119' title='bbox 1039 1509 1136 1574; x_wconf 87' lang='lat' dir='ltr'>datas</span> <span class='ocrx_word' id='word_1_120' title='bbox 1259 1527 1273 1564; x_wconf 32' lang='lat'>1³</span> 
     </span>
     <span class='ocr_line' id='line_1_16' title="bbox 124 1594 1276 1682; baseline -0.01 -17"><span class='ocrx_word' id='word_1_121' title='bbox 124 1622 194 1666; x_wconf 84' lang='lat' dir='ltr'>esse</span> <span class='ocrx_word' id='word_1_122' title='bbox 213 1599 298 1682; x_wconf 86' lang='lat' dir='ltr'>dico;</span> <span class='ocrx_word' id='word_1_123' title='bbox 322 1620 385 1682; x_wconf 91' lang='lat' dir='ltr'>qno</span> <span class='ocrx_word' id='word_1_124' title='bbox 404 1597 455 1662; x_wconf 93' lang='lat' dir='ltr'>illi</span> <span class='ocrx_word' id='word_1_125' title='bbox 471 1597 637 1662; x_wconf 83' lang='lat' dir='ltr'>frumento</span> <span class='ocrx_word' id='word_1_126' title='bbox 658 1601 692 1662; x_wconf 92' lang='lat' dir='ltr'>et</span> <span class='ocrx_word' id='word_1_127' title='bbox 715 1597 832 1682; x_wconf 92' lang='lat' dir='ltr'>quibus</span> <span class='ocrx_word' id='word_1_128' title='bbox 854 1597 999 1681; x_wconf 87' lang='lat' dir='ltr'>pecuniis</span> <span class='ocrx_word' id='word_1_129' title='bbox 1022 1600 1136 1662; x_wconf 90' lang='lat' dir='ltr'>tamen</span> <span class='ocrx_word' id='word_1_130' title='bbox 1153 1615 1184 1656; x_wconf 81' lang='lat' dir='ltr'>rs</span> <span class='ocrx_word' id='word_1_131' title='bbox 1258 1594 1276 1656; x_wconf 78' lang='lat' dir='ltr'>n.</span> 
     </span>
     <span class='ocr_line' id='line_1_17' title="bbox 124 1685 1278 1762; baseline -0.008 -8"><span class='ocrx_word' id='word_1_132' title='bbox 124 1689 165 1754; x_wconf 93' lang='lat' dir='ltr'>ab</span> <span class='ocrx_word' id='word_1_133' title='bbox 193 1688 442 1752; x_wconf 83' lang='lat' dir='ltr'>decumanorum</span> <span class='ocrx_word' id='word_1_134' title='bbox 469 1685 597 1751; x_wconf 88' lang='lat' dir='ltr'>iniuriis</span> <span class='ocrx_word' id='word_1_135' title='bbox 624 1685 710 1751; x_wconf 89' lang='lat' dir='ltr'>cives</span> <span class='ocrx_word' id='word_1_136' title='bbox 733 1708 809 1751; x_wconf 89' lang='lat' dir='ltr'>suos</span> <span class='ocrx_word' id='word_1_137' title='bbox 831 1707 898 1751; x_wconf 91' lang='lat' dir='ltr'>non</span> <span class='ocrx_word' id='word_1_138' title='bbox 919 1685 1136 1750; x_wconf 86' lang='lat' dir='ltr'>redemerunt.</span> <span class='ocrx_word' id='word_1_139' title='bbox 1262 1703 1278 1762; x_wconf 72' lang='lat' dir='ltr'>u</span> 
     </span>
     <span class='ocr_line' id='line_1_18' title="bbox 123 1773 1279 1858; baseline -0.003 -17"><span class='ocrx_word' id='word_1_140' title='bbox 123 1776 264 1841; x_wconf 87' lang='lat' dir='ltr'>Perditis</span> <span class='ocrx_word' id='word_1_141' title='bbox 297 1774 382 1840; x_wconf 91' lang='lat' dir='ltr'>enim</span> <span class='ocrx_word' id='word_1_142' title='bbox 413 1773 480 1839; x_wconf 91' lang='lat' dir='ltr'>iam</span> <span class='ocrx_word' id='word_1_143' title='bbox 512 1778 546 1838; x_wconf 91' lang='lat' dir='ltr'>et</span> <span class='ocrx_word' id='word_1_144' title='bbox 575 1773 709 1858; x_wconf 87' lang='lat' dir='ltr'>direptis</span> <span class='ocrx_word' id='word_1_145' title='bbox 737 1777 903 1839; x_wconf 89' lang='lat' dir='ltr'>aratorum</span> <span class='ocrx_word' id='word_1_146' title='bbox 931 1774 1025 1839; x_wconf 89' lang='lat' dir='ltr'>bonis</span> <span class='ocrx_word' id='word_1_147' title='bbox 1052 1774 1137 1838; x_wconf 90' lang='lat' dir='ltr'>haee</span> <span class='ocrx_word' id='word_1_148' title='bbox 1263 1773 1279 1832; x_wconf 73' lang='lat' dir='ltr'>ti·</span> 
     </span>
     <span class='ocr_line' id='line_1_19' title="bbox 125 1862 1278 1947; baseline -0.006 -17"><span class='ocrx_word' id='word_1_149' title='bbox 125 1863 309 1930; x_wconf 84' lang='lat' dir='ltr'>decumanis</span> <span class='ocrx_word' id='word_1_150' title='bbox 341 1884 464 1928; x_wconf 90' lang='lat' dir='ltr'>merces</span> <span class='ocrx_word' id='word_1_151' title='bbox 497 1862 647 1947; x_wconf 88' lang='lat' dir='ltr'>dabatur,</span> <span class='ocrx_word' id='word_1_152' title='bbox 664 1867 716 1926; x_wconf 90' lang='lat' dir='ltr'>&#39;ut</span> <span class='ocrx_word' id='word_1_153' title='bbox 748 1862 922 1947; x_wconf 90' lang='lat' dir='ltr'>aliquando</span> <span class='ocrx_word' id='word_1_154' title='bbox 954 1884 994 1926; x_wconf 87' lang='lat' dir='ltr'>ex</span> <span class='ocrx_word' id='word_1_155' title='bbox 1021 1883 1136 1926; x_wconf 91' lang='lat' dir='ltr'>eorum</span> <span class='ocrx_word' id='word_1_156' title='bbox 1267 1882 1278 1923; x_wconf 86' lang='lat' dir='ltr'>u</span> 
     </span>
     <span class='ocr_line' id='line_1_20' title="bbox 72 1949 1135 2040; baseline -0.002 -24"><span class='ocrx_word' id='word_1_157' title='bbox 72 1967 106 2017; x_wconf 84' lang='lat' dir='ltr'>so</span> <span class='ocrx_word' id='word_1_158' title='bbox 126 1953 213 2040; x_wconf 82' lang='lat' dir='ltr'>agris</span> <span class='ocrx_word' id='word_1_159' title='bbox 236 1956 333 2035; x_wconf 89' lang='lat' dir='ltr'>atque</span> <span class='ocrx_word' id='word_1_160' title='bbox 357 1973 395 2016; x_wconf 85' lang='lat' dir='ltr'>ex</span> <span class='ocrx_word' id='word_1_161' title='bbox 418 1950 553 2015; x_wconf 91' lang='lat' dir='ltr'>urbibus</span> <span class='ocrx_word' id='word_1_162' title='bbox 578 1951 714 2014; x_wconf 90' lang='lat' dir='ltr'>abirent.</span> <span class='ocrx_word' id='word_1_163' title='bbox 754 1949 870 2034; x_wconf 89' lang='lat' dir='ltr'>Itaque</span> <span class='ocrx_word' id='word_1_164' title='bbox 893 1972 967 2015; x_wconf 90' lang='lat' dir='ltr'>cum</span> <span class='ocrx_word' id='word_1_165' title='bbox 985 1949 1135 2014; x_wconf 89' lang='lat' dir='ltr'>Philinus</span> 
     </span>
     <span class='ocr_line' id='line_1_21' title="bbox 123 2036 1184 2124; baseline -0.005 -18"><span class='ocrx_word' id='word_1_166' title='bbox 123 2039 340 2123; x_wconf 86' lang='lat' dir='ltr'>Herbitensis,</span> <span class='ocrx_word' id='word_1_167' title='bbox 357 2039 455 2104; x_wconf 91' lang='lat' dir='ltr'>homo</span> <span class='ocrx_word' id='word_1_168' title='bbox 475 2038 615 2104; x_wconf 87' lang='lat' dir='ltr'>disertus</span> <span class='ocrx_word' id='word_1_169' title='bbox 634 2042 668 2103; x_wconf 90' lang='lat' dir='ltr'>et</span> <span class='ocrx_word' id='word_1_170' title='bbox 685 2039 827 2124; x_wconf 87' lang='lat' dir='ltr'>prudens</span> <span class='ocrx_word' id='word_1_171' title='bbox 846 2043 879 2103; x_wconf 90' lang='lat' dir='ltr'>et</span> <span class='ocrx_word' id='word_1_172' title='bbox 898 2037 986 2103; x_wconf 91' lang='lat' dir='ltr'>domi</span> <span class='ocrx_word' id='word_1_173' title='bbox 1003 2036 1134 2121; x_wconf 85' lang='lat' dir='ltr'>nobilis,</span> <span class='ocrx_word' id='word_1_174' title='bbox 1152 2057 1184 2097; x_wconf 79' lang='lat' dir='ltr'>ao</span> 
     </span>
     <span class='ocr_line' id='line_1_22' title="bbox 115 2126 1136 2212; baseline -0.004 -18"><span class='ocrx_word' id='word_1_175' title='bbox 115 2130 163 2194; x_wconf 87' lang='lat' dir='ltr'>de</span> <span class='ocrx_word' id='word_1_176' title='bbox 191 2127 378 2194; x_wconf 88' lang='lat' dir='ltr'>calamitate</span> <span class='ocrx_word' id='word_1_177' title='bbox 406 2129 574 2191; x_wconf 89' lang='lat' dir='ltr'>aratorum</span> <span class='ocrx_word' id='word_1_178' title='bbox 596 2130 629 2191; x_wconf 90' lang='lat' dir='ltr'>et</span> <span class='ocrx_word' id='word_1_179' title='bbox 652 2126 793 2212; x_wconf 80' lang='lat' dir='ltr'>defuga</span> <span class='ocrx_word' id='word_1_180' title='bbox 816 2130 849 2192; x_wconf 92' lang='lat' dir='ltr'>et</span> <span class='ocrx_word' id='word_1_181' title='bbox 873 2126 911 2190; x_wconf 92' lang='lat' dir='ltr'>de</span> <span class='ocrx_word' id='word_1_182' title='bbox 934 2126 1136 2210; x_wconf 91' lang='lat' dir='ltr'>reliquorum</span> 
     </span>
     <span class='ocr_line' id='line_1_23' title="bbox 123 2214 1136 2303; baseline -0.003 -22"><span class='ocrx_word' id='word_1_183' title='bbox 123 2217 288 2303; x_wconf 88' lang='lat' dir='ltr'>paucitate</span> <span class='ocrx_word' id='word_1_184' title='bbox 324 2214 453 2300; x_wconf 85' lang='lat' dir='ltr'>publice</span> <span class='ocrx_word' id='word_1_185' title='bbox 487 2215 619 2299; x_wconf 90' lang='lat' dir='ltr'>diceret,</span> <span class='ocrx_word' id='word_1_186' title='bbox 656 2214 932 2279; x_wconf 88' lang='lat' dir='ltr'>animadvertistis</span> <span class='ocrx_word' id='word_1_187' title='bbox 966 2214 1136 2299; x_wconf 78' lang='lat' dir='ltr'>gemitum,</span> 
     </span>
     <span class='ocr_line' id='line_1_24' title="bbox 124 2301 1135 2388; baseline -0.003 -18"><span class='ocrx_word' id='word_1_188' title='bbox 124 2304 258 2387; x_wconf 90' lang='lat' dir='ltr'>iudices,</span> <span class='ocrx_word' id='word_1_189' title='bbox 285 2303 399 2388; x_wconf 91' lang='lat' dir='ltr'>populi</span> <span class='ocrx_word' id='word_1_190' title='bbox 420 2302 574 2388; x_wconf 87' lang='lat' dir='ltr'>Romani,</span> <span class='ocrx_word' id='word_1_191' title='bbox 601 2301 691 2368; x_wconf 89' lang='lat' dir='ltr'>cuius</span> <span class='ocrx_word' id='word_1_192' title='bbox 714 2302 898 2386; x_wconf 82' lang='lat' dir='ltr'>frequentia</span> <span class='ocrx_word' id='word_1_193' title='bbox 920 2302 996 2368; x_wconf 90' lang='lat' dir='ltr'>huic</span> <span class='ocrx_word' id='word_1_194' title='bbox 1018 2324 1135 2368; x_wconf 88' lang='lat' dir='ltr'>causae</span> 
     </span>
     <span class='ocr_line' id='line_1_25' title="bbox 123 2390 1135 2476; baseline -0.002 -18"><span class='ocrx_word' id='word_1_195' title='bbox 123 2414 301 2476; x_wconf 88' lang='lat' dir='ltr'>numquam</span> <span class='ocrx_word' id='word_1_196' title='bbox 336 2391 446 2457; x_wconf 90' lang='lat' dir='ltr'>defuit.</span> <span class='ocrx_word' id='word_1_197' title='bbox 497 2390 568 2466; x_wconf 82' lang='lat' dir='ltr'>Qua</span> <span class='ocrx_word' id='word_1_198' title='bbox 601 2391 640 2455; x_wconf 88' lang='lat' dir='ltr'>de</span> <span class='ocrx_word' id='word_1_199' title='bbox 673 2390 837 2474; x_wconf 89' lang='lat' dir='ltr'>paucitate</span> <span class='ocrx_word' id='word_1_200' title='bbox 870 2394 1036 2456; x_wconf 91' lang='lat' dir='ltr'>aratorum</span> <span class='ocrx_word' id='word_1_201' title='bbox 1069 2391 1135 2456; x_wconf 85' lang='lat' dir='ltr'>alio</span> 
     </span>
     <span class='ocr_line' id='line_1_26' title="bbox 125 2480 1278 2545; baseline -0.01 0"><span class='ocrx_word' id='word_1_202' title='bbox 125 2482 196 2545; x_wconf 93' lang='lat' dir='ltr'>loco</span> <span class='ocrx_word' id='word_1_203' title='bbox 221 2480 334 2544; x_wconf 88' lang='lat' dir='ltr'>dicam.</span> <span class='ocrx_word' id='word_1_204' title='bbox 1152 2497 1183 2539; x_wconf 80' lang='lat' dir='ltr'>as</span> <span class='ocrx_word' id='word_1_205' title='bbox 1273 2498 1278 2534; x_wconf 58' lang='lat'>:2</span> 
     </span>
     <span class='ocr_line' id='line_1_27' title="bbox 73 2567 1136 2652; baseline 0 -20"><span class='ocrx_word' id='word_1_206' title='bbox 73 2575 116 2640; x_wconf 81' lang='grc'>35</span> <span class='ocrx_word' id='word_1_207' title='bbox 191 2567 286 2632; x_wconf 91' lang='lat' dir='ltr'>Nunc</span> <span class='ocrx_word' id='word_1_208' title='bbox 303 2567 394 2651; x_wconf 94' lang='lat' dir='ltr'>illud,</span> <span class='ocrx_word' id='word_1_209' title='bbox 418 2568 504 2651; x_wconf 90' lang='lat' dir='ltr'>qnod</span> <span class='ocrx_word' id='word_1_210' title='bbox 521 2567 683 2652; x_wconf 88' lang='lat' dir='ltr'>praeterii,</span> <span class='ocrx_word' id='word_1_211' title='bbox 708 2588 776 2631; x_wconf 92' lang='lat' dir='ltr'>non</span> <span class='ocrx_word' id='word_1_212' title='bbox 798 2567 930 2632; x_wconf 91' lang='lat' dir='ltr'>omnino</span> <span class='ocrx_word' id='word_1_213' title='bbox 953 2567 1136 2650; x_wconf 91' lang='lat' dir='ltr'>relinquen-</span> 
     </span>
     <span class='ocr_line' id='line_1_28' title="bbox 126 2654 1136 2740; baseline -0.003 -18"><span class='ocrx_word' id='word_1_214' title='bbox 126 2657 203 2722; x_wconf 89' lang='lat' dir='ltr'>dum</span> <span class='ocrx_word' id='word_1_215' title='bbox 233 2655 369 2721; x_wconf 86' lang='lat' dir='ltr'>videtur.</span> <span class='ocrx_word' id='word_1_216' title='bbox 414 2654 514 2739; x_wconf 89' lang='lat' dir='ltr'>Nam,</span> <span class='ocrx_word' id='word_1_217' title='bbox 541 2677 599 2740; x_wconf 92' lang='lat' dir='ltr'>per</span> <span class='ocrx_word' id='word_1_218' title='bbox 628 2654 704 2719; x_wconf 88' lang='lat' dir='ltr'>deos</span> <span class='ocrx_word' id='word_1_219' title='bbox 730 2654 949 2720; x_wconf 75' lang='lat' dir='ltr'>immortales!</span> <span class='ocrx_word' id='word_1_220' title='bbox 982 2655 1068 2739; x_wconf 91' lang='lat' dir='ltr'>quod</span> <span class='ocrx_word' id='word_1_221' title='bbox 1096 2656 1136 2719; x_wconf 87' lang='lat' dir='ltr'>de</span> 
     </span>
     <span class='ocr_line' id='line_1_29' title="bbox 72 2742 1135 2898; baseline -0.001 -2"><span class='ocrx_word' id='word_1_222' title='bbox 72 2846 106 2896; x_wconf 86' lang='lat'>81</span> <span class='ocrx_word' id='word_1_223' title='bbox 125 2744 309 2898; x_wconf 59' lang='lat' dir='ltr'>{leitil</span> <span class='ocrx_word' id='word_1_224' title='bbox 325 2742 822 2897; x_wconf 65' lang='lat' dir='ltr'>ttttltltltlttttl⁰</span> <span class='ocrx_word' id='word_1_225' title='bbox 838 2743 1019 2896; x_wconf 46' lang='lat' dir='ltr'>tidini?</span> <span class='ocrx_word' id='word_1_226' title='bbox 1037 2743 1135 2896; x_wconf 68' lang='lat' dir='ltr'>tlt</span> 
     </span>
     <span class='ocr_line' id='line_1_30' title="bbox 298 2883 307 2917; baseline 0 0"><span class='ocrx_word' id='word_1_227' title='bbox 298 2883 307 2917; x_wconf 78' lang='lat'><em>7</em></span> 
     </span>
     <span class='ocr_line' id='line_1_31' title="bbox 126 2916 1184 3005; baseline -0.006 -19"><span class='ocrx_word' id='word_1_228' title='bbox 126 2921 230 2986; x_wconf 90' lang='lat' dir='ltr'>adhuc</span> <span class='ocrx_word' id='word_1_229' title='bbox 243 2920 307 2984; x_wconf 89' lang='lat' dir='ltr'>fuit</span> <span class='ocrx_word' id='word_1_230' title='bbox 320 2922 396 3005; x_wconf 89' lang='lat' dir='ltr'>post</span> <span class='ocrx_word' id='word_1_231' title='bbox 408 2919 548 2984; x_wconf 87' lang='lat' dir='ltr'>Romam</span> <span class='ocrx_word' id='word_1_232' title='bbox 562 2917 724 2983; x_wconf 89' lang='lat' dir='ltr'>conditam</span> <span class='ocrx_word' id='word_1_233' title='bbox 739 2916 787 3002; x_wconf 77' lang='lat' dir='ltr'>(di</span> <span class='ocrx_word' id='word_1_234' title='bbox 800 2918 1003 2985; x_wconf 89' lang='lat' dir='ltr'>immortales</span> <span class='ocrx_word' id='word_1_235' title='bbox 1019 2918 1136 3004; x_wconf 84' lang='lat' dir='ltr'>faxint,</span> <span class='ocrx_word' id='word_1_236' title='bbox 1152 2939 1184 2980; x_wconf 85' lang='lat' dir='ltr'>eo</span> 
     </span>
     <span class='ocr_line' id='line_1_32' title="bbox 125 3007 1137 3092; baseline -0.002 -18"><span class='ocrx_word' id='word_1_237' title='bbox 125 3031 165 3074; x_wconf 90' lang='lat' dir='ltr'>ne</span> <span class='ocrx_word' id='word_1_238' title='bbox 190 3009 233 3074; x_wconf 89' lang='lat' dir='ltr'>sit</span> <span class='ocrx_word' id='word_1_239' title='bbox 256 3009 376 3092; x_wconf 77' lang='lat' dir='ltr'>alterl),</span> <span class='ocrx_word' id='word_1_240' title='bbox 401 3007 452 3072; x_wconf 92' lang='lat' dir='ltr'>cui</span> <span class='ocrx_word' id='word_1_241' title='bbox 474 3027 526 3070; x_wconf 91' lang='lat' dir='ltr'>res</span> <span class='ocrx_word' id='word_1_242' title='bbox 549 3007 681 3092; x_wconf 91' lang='lat' dir='ltr'>publica</span> <span class='ocrx_word' id='word_1_243' title='bbox 702 3010 808 3072; x_wconf 89' lang='lat' dir='ltr'>totam</span> <span class='ocrx_word' id='word_1_244' title='bbox 832 3029 866 3072; x_wconf 91' lang='lat' dir='ltr'>se</span> <span class='ocrx_word' id='word_1_245' title='bbox 889 3008 1033 3073; x_wconf 91' lang='lat' dir='ltr'>traderet</span> <span class='ocrx_word' id='word_1_246' title='bbox 1056 3010 1137 3072; x_wconf 88' lang='lat' dir='ltr'>teni-</span> 
     </span>
     <span class='ocr_line' id='line_1_33' title="bbox 126 3093 1137 3182; baseline -0.002 -20"><span class='ocrx_word' id='word_1_247' title='bbox 126 3097 259 3182; x_wconf 90' lang='lat' dir='ltr'>poribus</span> <span class='ocrx_word' id='word_1_248' title='bbox 292 3100 325 3160; x_wconf 90' lang='lat' dir='ltr'>et</span> <span class='ocrx_word' id='word_1_249' title='bbox 357 3094 453 3159; x_wconf 90' lang='lat' dir='ltr'>malis</span> <span class='ocrx_word' id='word_1_250' title='bbox 485 3098 597 3160; x_wconf 88' lang='lat' dir='ltr'>coacta</span> <span class='ocrx_word' id='word_1_251' title='bbox 629 3094 828 3179; x_wconf 88' lang='lat' dir='ltr'>domesticis,</span> <span class='ocrx_word' id='word_1_252' title='bbox 860 3094 895 3160; x_wconf 89' lang='lat' dir='ltr'>L.</span> <span class='ocrx_word' id='word_1_253' title='bbox 922 3093 1022 3160; x_wconf 83' lang='lat' dir='ltr'>Sulla.</span> <span class='ocrx_word' id='word_1_254' title='bbox 1072 3095 1137 3161; x_wconf 92' lang='lat' dir='ltr'>Hic</span> 
     </span>
     <span class='ocr_line' id='line_1_34' title="bbox 125 3183 1138 3268; baseline -0.001 -19"><span class='ocrx_word' id='word_1_255' title='bbox 125 3189 256 3250; x_wconf 89' lang='lat' dir='ltr'>tantum</span> <span class='ocrx_word' id='word_1_256' title='bbox 278 3183 399 3267; x_wconf 90' lang='lat' dir='ltr'>potnit,</span> <span class='ocrx_word' id='word_1_257' title='bbox 421 3186 458 3247; x_wconf 93' lang='lat' dir='ltr'>ut</span> <span class='ocrx_word' id='word_1_258' title='bbox 480 3204 575 3248; x_wconf 91' lang='lat' dir='ltr'>nemo</span> <span class='ocrx_word' id='word_1_259' title='bbox 598 3183 657 3248; x_wconf 94' lang='lat' dir='ltr'>illo</span> <span class='ocrx_word' id='word_1_260' title='bbox 681 3183 784 3248; x_wconf 89' lang='lat' dir='ltr'>invito</span> <span class='ocrx_word' id='word_1_261' title='bbox 808 3205 867 3249; x_wconf 90' lang='lat' dir='ltr'>neo</span> <span class='ocrx_word' id='word_1_262' title='bbox 889 3184 1057 3249; x_wconf 85' lang='lat' dir='ltr'>bonanae</span> <span class='ocrx_word' id='word_1_263' title='bbox 1080 3206 1138 3268; x_wconf 90' lang='lat' dir='ltr'>pa-</span> 
     </span>
     <span class='ocr_line' id='line_1_35' title="bbox 125 3271 1139 3357; baseline -0.001 -20"><span class='ocrx_word' id='word_1_264' title='bbox 125 3274 225 3337; x_wconf 89' lang='lat' dir='ltr'>triam</span> <span class='ocrx_word' id='word_1_265' title='bbox 242 3293 302 3336; x_wconf 92' lang='lat' dir='ltr'>nec</span> <span class='ocrx_word' id='word_1_266' title='bbox 320 3271 422 3336; x_wconf 87' lang='lat' dir='ltr'>vitam</span> <span class='ocrx_word' id='word_1_267' title='bbox 441 3272 580 3336; x_wconf 89' lang='lat' dir='ltr'>retinere</span> <span class='ocrx_word' id='word_1_268' title='bbox 598 3275 724 3357; x_wconf 80' lang='lat' dir='ltr'>posset3</span> <span class='ocrx_word' id='word_1_269' title='bbox 747 3275 877 3336; x_wconf 89' lang='lat' dir='ltr'>tantum</span> <span class='ocrx_word' id='word_1_270' title='bbox 896 3271 997 3336; x_wconf 90' lang='lat' dir='ltr'>animi</span> <span class='ocrx_word' id='word_1_271' title='bbox 1019 3271 1139 3336; x_wconf 90' lang='lat' dir='ltr'>habuit</span> 
     </span>
     <span class='ocr_line' id='line_1_36' title="bbox 126 3359 1184 3444; baseline -0.004 -20"><span class='ocrx_word' id='word_1_272' title='bbox 126 3360 167 3424; x_wconf 91' lang='lat' dir='ltr'>ad</span> <span class='ocrx_word' id='word_1_273' title='bbox 182 3359 358 3444; x_wconf 90' lang='lat' dir='ltr'>audaciam,</span> <span class='ocrx_word' id='word_1_274' title='bbox 376 3364 414 3425; x_wconf 91' lang='lat' dir='ltr'>ut</span> <span class='ocrx_word' id='word_1_275' title='bbox 429 3359 533 3425; x_wconf 90' lang='lat' dir='ltr'>dicere</span> <span class='ocrx_word' id='word_1_276' title='bbox 551 3359 586 3423; x_wconf 89' lang='lat' dir='ltr'>in</span> <span class='ocrx_word' id='word_1_277' title='bbox 604 3359 754 3424; x_wconf 89' lang='lat' dir='ltr'>contione</span> <span class='ocrx_word' id='word_1_278' title='bbox 772 3381 838 3424; x_wconf 92' lang='lat' dir='ltr'>non</span> <span class='ocrx_word' id='word_1_279' title='bbox 857 3359 1029 3443; x_wconf 83' lang='lat' dir='ltr'>dubitaret,</span> <span class='ocrx_word' id='word_1_280' title='bbox 1048 3360 1139 3426; x_wconf 91' lang='lat' dir='ltr'>bona</span> <span class='ocrx_word' id='word_1_281' title='bbox 1154 3379 1184 3421; x_wconf 82' lang='lat' dir='ltr'>es</span> 
     </span>
     <span class='ocr_line' id='line_1_37' title="bbox 126 3447 1139 3533; baseline 0.003 -21"><span class='ocrx_word' id='word_1_282' title='bbox 126 3447 244 3512; x_wconf 89' lang='lat' dir='ltr'>civium</span> <span class='ocrx_word' id='word_1_283' title='bbox 266 3447 489 3513; x_wconf 85' lang='lat' dir='ltr'>Romanorum</span> <span class='ocrx_word' id='word_1_284' title='bbox 517 3469 589 3513; x_wconf 91' lang='lat' dir='ltr'>cnm</span> <span class='ocrx_word' id='word_1_285' title='bbox 612 3449 778 3532; x_wconf 87' lang='lat' dir='ltr'>venderet,</span> <span class='ocrx_word' id='word_1_286' title='bbox 806 3469 840 3512; x_wconf 88' lang='lat' dir='ltr'>se</span> <span class='ocrx_word' id='word_1_287' title='bbox 862 3448 1018 3533; x_wconf 89' lang='lat' dir='ltr'>praedam</span> <span class='ocrx_word' id='word_1_288' title='bbox 1043 3470 1139 3515; x_wconf 89' lang='lat' dir='ltr'>suam</span> 
     </span>
     <span class='ocr_line' id='line_1_38' title="bbox 128 3535 1138 3622; baseline 0.003 -23"><span class='ocrx_word' id='word_1_289' title='bbox 128 3535 269 3599; x_wconf 83' lang='lat' dir='ltr'>vendere.</span> <span class='ocrx_word' id='word_1_290' title='bbox 306 3535 386 3600; x_wconf 79' lang='lat' dir='ltr'>Eius</span> <span class='ocrx_word' id='word_1_291' title='bbox 401 3557 512 3601; x_wconf 89' lang='lat' dir='ltr'>omnes</span> <span class='ocrx_word' id='word_1_292' title='bbox 530 3557 582 3602; x_wconf 88' lang='lat' dir='ltr'>res</span> <span class='ocrx_word' id='word_1_293' title='bbox 601 3540 712 3622; x_wconf 84' lang='lat' dir='ltr'>gestas</span> <span class='ocrx_word' id='word_1_294' title='bbox 730 3558 796 3601; x_wconf 90' lang='lat' dir='ltr'>non</span> <span class='ocrx_word' id='word_1_295' title='bbox 815 3537 920 3601; x_wconf 89' lang='lat' dir='ltr'>solum</span> <span class='ocrx_word' id='word_1_296' title='bbox 940 3535 1138 3622; x_wconf 87' lang='lat' dir='ltr'>obtinemus,</span> 
     </span>
    </p>
   </div>
   <div class='ocr_carea' id='block_1_3' title="bbox 0 0 1292 3884">
    <p class='ocr_par' dir='ltr' id='par_1_3' title="bbox 0 0 1292 3884">
     <span class='ocr_line' id='line_1_39' title="bbox 0 0 1292 3884; baseline 0 0"><span class='ocrx_word' id='word_1_297' title='bbox 0 0 1292 3884; x_wconf 95' lang='lat' dir='ltr'> </span> 
     </span>
    </p>
   </div>
  </div>
 </body>
</html>
