2622 3884
348 140 416 197 ΜΒ.
435 141 475 198 lv
507 141 584 198 CAP.
604 149 709 200 ar-aa
728 150 743 210 s
762 149 875 201 ao-er.
1046 107 1112 208 399

102 283 359 370 pulcherrimum
388 285 593 374 Karthagine
625 292 758 374 captum
790 293 975 376 reponatur.
1022 287 1112 356 Haec

105 373 164 439 ahs
191 376 225 438 te
251 393 319 439 non
341 370 523 441 Siculorum
551 375 714 462 defensor,
740 398 807 442 non
833 380 909 443 tuus
935 382 1112 462 accusator,

103 483 171 528 non
192 459 364 550 Segestani
385 464 567 549 postulant,
589 465 646 530 sed
668 465 706 550 is,
729 465 785 550 qui
806 464 936 533 laudem
959 465 1112 552 gloriam·

105 571 167 634 que
194 548 230 616 P.
253 550 401 617 Africani
431 553 586 618 tuendam
617 554 934 638 conservandamque
961 555 1112 640 suscepit

74 636 182 704 ⁶Non
204 660 331 724 vereor,
356 661 398 706 ne
420 638 483 707 hoc
505 641 647 708 officium
670 664 778 708 meum
800 640 836 707 P.
854 640 991 710 Servilio
1013 642 1112 708 iudici

103 747 171 793 non
201 727 350 813 probem,
382 727 439 813 qui
467 750 541 796 cum
570 751 621 796 res
650 731 808 796 maximas
836 731 975 818 gesserit
1001 753 1112 796 monu-

104 818 278 901 mentaque
303 838 436 883 suarum
459 839 567 883 rerum
591 822 759 904 gestarum
780 840 854 886 cum
877 819 1017 885 maxime
1039 841 1112 886 oon·

105 903 224 969 stituat
244 907 341 989 atque
364 905 462 970 iniis
485 906 641 992 elaboret,
662 906 809 993 profecto
832 906 922 973 volet
944 908 1024 974 haec
1045 928 1112 974 non

104 991 212 1058 solum
230 993 297 1058 suis
316 994 465 1080 posteris,
488 996 720 1060 verumetiam
743 995 893 1061 omnihus
915 995 995 1062 viris
1017 994 1112 1060 forti-

62 1097 91 1140 ιο
104 1079 166 1146 bus
194 1083 228 1146 et
254 1081 349 1148 honis
376 1082 501 1149 civibus
529 1082 739 1168 defendenda,
765 1105 833 1150 non
859 1083 1030 1170 spolianda
1054 1083 1112 1149 im-

103 1167 217 1254 probis
257 1169 394 1236 tradere.
448 1169 525 1237 Non
560 1193 687 1257 vereor,
726 1193 767 1238 ne
802 1171 878 1257 tihi,
919 1171 956 1249 Q.
988 1170 1112 1256 Catule,

105 1255 289 1343 displiceat,
316 1257 406 1326 euius
430 1259 667 1345 amplissimum
690 1260 763 1327 orbi
785 1263 947 1328 terrarum
970 1259 1112 1326 clarissi-

104 1367 258 1430 mumque
276 1350 521 1413 monumentum
540 1352 599 1432 est,
622 1370 720 1433 quam
738 1349 897 1435 plurimos
916 1369 988 1416 esse
1006 1352 1112 1414 custo·

106 1432 162 1498 des
193 1438 476 1501 monumentorum
508 1440 542 1502 et
572 1441 688 1524 putare
716 1459 827 1504 omnes
854 1438 958 1504 honos
986 1437 1111 1502 alienae

63 1521 231 1607 ingloriae
274 1522 494 1589 defensionem
537 1524 578 1590 ad
621 1525 764 1591 officium
805 1547 899 1592 suum
940 1525 1111 1612 pertinere.

104 1609 265 1695 Equidem
279 1611 394 1677 ceteris
407 1611 504 1678 istius
517 1612 615 1678 furtis
634 1617 731 1697 atque
750 1613 885 1700 flagitiis
903 1612 952 1680 ita
970 1635 1111 1698 moveor,
1130 1624 1164 1674 aa

105 1702 144 1764 ut
170 1721 209 1764 aa
234 1699 497 1785 reprehendenda
522 1704 651 1767 tantum
678 1705 804 1786 putem3
832 1701 887 1768 hic
913 1723 990 1772 vero
1018 1705 1110 1787 tanto

106 1786 218 1852 dolore
245 1787 390 1872 adficior,
416 1791 454 1854 ut
479 1788 563 1854 nihil
590 1789 671 1854 mihi
693 1789 871 1874 indignius,
898 1789 982 1854 nihil
1005 1789 1111 1854 minus

105 1874 274 1940 ferendum
292 1896 362 1941 esse
385 1875 541 1942 videatur.
582 1876 700 1942 Verres
723 1875 871 1943 Africani
893 1877 1111 1944 monumentis

63 1982 93 2022 ao
107 1962 239 2029 domum
261 1985 354 2030 suam
376 1965 508 2049 plenam
531 1965 650 2051 stupri,
672 1966 804 2051 plenam
826 1964 958 2051 flagitii,
980 1965 1112 2051 plenam

107 2050 270 2118 dedecoris
298 2052 450 2118 ornabit?
491 2051 610 2119 Verres
637 2053 926 2139 temperantissimi
949 2053 1112 2118 sanctissi-

105 2138 214 2224 mique
232 2140 296 2206 viri
312 2145 566 2227 monumentum,
588 2141 714 2207 Dianae
733 2141 943 2208 simulacrum
964 2141 1112 2227 virginis,

38 2251 42 2259 ·
104 2226 141 2294 in
173 2249 211 2294 ea
242 2229 338 2295 domo
370 2229 567 2314 conlocabit,
598 2229 633 2294 in
661 2251 725 2314 qua
752 2251 879 2316 semper
905 2229 1112 2300 meretricum

105 2316 326 2402 lenonumque.
345 2317 472 2402 flagitia
494 2319 687 2384 versantur?
1122 2367 1165 2432 39

65 2423 93 2466 ss
173 2403 220 2471 At
257 2406 321 2472 hoc
361 2407 466 2471 solum
502 2406 651 2472 Africani
690 2411 935 2474 monumentum
971 2406 1112 2473 violasti.
1131 2445 1166 2494 84

107 2491 214 2571 Quid?
237 2515 257 2560 a
274 2493 506 2578 Tyndaritanis
524 2516 591 2560 non
613 2495 756 2560 eiusdem
774 2493 934 2582 Scipionis
956 2494 1112 2562 beneficio

105 2582 251 2667 positum
270 2582 478 2648 simulacrum
497 2581 636 2656 Mercuri
657 2584 874 2669 pulcherrime
898 2583 1022 2651 factum
1046 2604 1113 2650 sus-

106 2669 236 2735 tulisti?
281 2671 328 2736 At
354 2692 450 2755 quem
478 2671 519 2737 ad
546 2671 690 2757 modum,
718 2672 751 2737 di
776 2672 983 2739 inmortales!
1015 2694 1113 2757 quam

108 2758 269 2842 audacter,
291 2780 389 2843 quam
406 2759 588 2844 libidinose,
612 2781 709 2845 quam
726 2760 932 2847 inpudenterl
964 2759 1112 2826 Audistis

67 2864 210 2937 aonuper
247 2847 350 2912 dicere
386 2848 515 2934 legatos
547 2846 799 2934 Tyndaritanos,
836 2848 984 2914 homines
1016 2847 1113 2912 hone

107 2934 271 3001 stissimos
290 2957 327 3000 ao
346 2935 508 3022 principes
532 2936 684 3022 civitatis,
705 2935 911 3020 Mercurium,
932 2936 989 3020 qui
1012 2935 1112 3002 sacris

108 3023 338 3089 anniversariis
367 3023 452 3109 apud
475 3045 530 3090 eos
553 3046 591 3090 ac
613 3046 741 3091 summa
762 3024 920 3111 religione
944 3025 1113 3107 coleretur,

108 3133 204 3196 quem
218 3111 253 3176 P.
268 3111 440 3178 Africanus
454 3110 658 3199 Karthagine
680 3115 777 3198 capta
795 3111 1025 3197 Tyndaritanis
1047 3132 1113 3177 non

108 3201 215 3268 solum
239 3221 315 3265 suae
338 3199 503 3286 victoriae,
526 3201 582 3266 sad
605 3201 705 3267 etiam
726 3199 859 3266 illorum
881 3199 957 3264 fidei
979 3199 1113 3266 societa-

66 3305 94 3348 sr
107 3288 214 3372 tisque
246 3292 492 3356 monumentum
523 3292 621 3374 atque
649 3288 804 3355 indicium
831 3288 985 3373 dedisset,
1016 3286 1112 3353 huius

106 3376 149 3461 vi,
173 3377 293 3443 scelere
311 3376 512 3464 imperioque
531 3399 602 3442 asse
621 3377 795 3443 sublatum.
831 3375 894 3454 Qui
911 3380 949 3442 ut
971 3376 1113 3462 primum

106 3465 142 3540 in
159 3463 242 3530 illud
261 3466 416 3552 oppidum
435 3467 534 3550 venit,
558 3465 681 3548 statim,
703 3469 870 3550 tamquam
888 3466 937 3532 ita
953 3465 1025 3530 fieri
1046 3487 1113 3530 non
