2590 3884
174 210 240 275 200
472 207 512 262 IN
532 207 561 262 C.
581 200 885 264 malesuadam
956 236 961 243 -

138 342 154 408 l
241 353 348 420 Multa
379 353 462 418 mihi
497 352 692 436 necessario,
728 351 863 436 iudices,
898 352 1192 435 praetermittenda

140 422 265 526 lsunt,
288 445 326 508 ut
347 441 472 525 possim
495 441 603 525 aliquo
627 441 723 506 modo
747 440 921 524 aliquando
945 441 985 506 de
1006 440 1059 506 his
1083 443 1190 522 rebuer,

175 552 257 614 quae
280 551 371 595 meae
394 530 470 595 fidei
489 530 681 596 commissae
701 532 785 612 sunt,
809 529 922 593 dicere.
962 528 1084 615 Recepi
1102 531 1191 594 enim

176 640 307 684 causam
335 617 479 702 Siciliae3
511 640 549 684 ea
576 640 628 683 me
656 618 697 683 ad
728 616 790 682 hoe
821 617 989 702 negotium
1020 617 1192 702 provincia

176 707 321 772 attraxit.
366 707 438 793 Ego
467 711 579 772 tamen
605 706 668 771 hoc
696 727 792 770 onere
821 709 969 790 suscepto
998 709 1031 770 et
1057 709 1222 789 receptas

176 818 274 861 causa
288 794 448 861 Siciliensi
463 796 629 879 amplexus
645 794 753 860 animo
769 815 840 858 sum
855 793 1027 895 aliquanto
1039 794 1192 878 amplius.

177 883 310 968 Suscepi
337 884 423 949 enim
451 905 581 949 causam
608 883 711 947 tetrus
739 881 875 966 ordinis,
903 882 1030 965 suscepi
1057 903 1194 947 eausam

176 975 223 1038 rei
249 973 413 1057 publicae,
441 972 527 1056 quod
552 971 711 1056 putabam
737 974 808 1036 tum
839 970 976 1054 denique
998 972 1087 1034 recte
1110 971 1194 1035 iudi-

177 1061 244 1126 cari
271 1083 380 1163 posse,
408 1061 436 1125 si
462 1081 529 1125 non
555 1059 651 1125 modo
679 1081 753 1123 reus
776 1059 944 1142 improbus
968 1059 1194 1140 adduceretur,

177 1151 293 1215 sedt
260 1150 360 1214 etiam
387 1148 526 1234 diligens
555 1169 592 1214 ac
617 1148 732 1212 firmus
761 1150 930 1212 accusator
962 1147 1003 1212 ad
1034 1109 1194 1212 iudiciunl
1211 1165 1240 1205 ro

140 1237 310 1307 eveniret.
343 1237 413 1314 Quo
432 1236 513 1301 mihi
531 1259 585 1300 ma
586 1236 690 1300 turius
709 1235 751 1300 ad
769 1233 898 1300 Siciliae
914 1255 1046 1300 causam
1059 1235 1193 1300 venien-

177 1326 252 1390 dum
276 1329 327 1390 est
348 1325 472 1390 relictis
496 1325 611 1390 ceteris
635 1324 703 1388 eius
725 1323 823 1388 furtis
846 1327 944 1407 atque
973 1322 1091 1407 flagit'
1070 1344 1125 1406 us,
1154 1327 1196 1388 111

176 1417 210 1479 11
236 1412 360 1478 viribus
389 1434 486 1496 quam
513 1411 732 1513 integerrimis
761 1432 858 1498 agere
885 1415 919 1476 et
946 1411 987 1475 ad
1020 1411 1195 1477 dicendum

175 1501 333 1586 temporis
357 1501 437 1568 satis
460 1500 581 1566 habere
603 1501 737 1588 possim.

242 1588 352 1674 Atque
367 1593 424 1654 ant
425 1611 542 1674 equam
556 1589 595 1654 de
611 1587 824 1654 incommodis
839 1586 968 1653 Siciliae
986 1587 1068 1672 dico,
1086 1609 1195 1674 pauca
1212 1605 1240 1647 11

177 1678 258 1743 mihi
280 1678 391 1742 vident
377 1682 431 1743 tur
455 1699 525 1743 esse
549 1677 588 1742 de
610 1676 795 1762 provinciae
818 1676 992 1778 dignitate,
1015 1679 1194 1759 vetustate,

176 1768 320 1831 utilitate
347 1767 489 1832 dicenda.
539 1764 627 1830 Nam
654 1787 727 1830 eum
756 1764 900 1830 omnium
928 1763 1090 1829 sociorum
1116 1785 1195 1849 pro·
1286 1769 1287 1870 1

177 1855 419 1958 vinciarumque
441 1877 479 1919 ra
479 1853 601 1920 tionem
625 1853 799 1940 diligenter
822 1853 941 1917 habere
961 1851 1067 1916 debet
1042 1854 1096 1936 trs,
1118 1855 1195 1916 tum
1286 1855 1287 1936 1

177 1944 348 2046 praecipue
372 1942 514 2027 Siciliae,
539 1942 675 2026 iudices,
702 1940 851 2042 plurimis
874 1939 1127 2024 iustissimisque
1153 1940 1195 2004 de

177 2033 296 2133 causis,
327 2032 470 2116 primum
505 2030 591 2115 quod
622 2029 767 2096 omnium
798 2028 969 2095 nationum
1005 2031 1196 2094 exterarum
1210 2047 1238 2087 ao
1286 2047 1287 2106 l

177 2120 328 2204 princeps
365 2119 475 2184 Sicilia
511 2140 545 2184 se
583 2118 624 2183 ad
660 2117 838 2182 amicitiam
876 2117 1036 2200 fidemque
1076 2117 1196 2200 populi

176 2207 317 2272 Romani
336 2206 522 2291 applicavit.
558 2206 670 2271 Prima
689 2206 842 2288 omnium,
864 2205 898 2269 id
917 2204 1003 2289 quod
1022 2225 1197 2269 1111111111-
1286 2211 1287 2242 ³

177 2298 247 2359 tum
270 2294 400 2378 imperii
423 2299 481 2378 est,
503 2294 671 2380 provincia
690 2297 740 2358 est
759 2293 933 2378 appellata,
955 2292 1063 2378 prima
1080 2293 1197 2358 docuit

177 2382 317 2447 maiores
339 2386 481 2467 nostros,
504 2404 602 2466 quam
620 2383 824 2466 praeclarum
843 2385 929 2446 esset
947 2381 1066 2446 exteris
1087 2382 1196 2467 genti-

177 2470 238 2534 bus
264 2470 438 2555 imperare,
466 2472 538 2536 sola
563 2470 627 2536 fuit
654 2492 693 2536 ea
718 2470 782 2534 fide
804 2469 1087 2552 benivolentiaque
1111 2491 1196 2556 erga
1210 2487 1237 2529 11

176 2558 333 2642 populum
359 2559 557 2642 Romanum,
588 2563 627 2624 ut
655 2559 804 2624 civitates
837 2557 905 2622 eius
934 2557 1074 2644 insulae,
1107 2580 1195 2642 quae
1286 2605 1287 2642 3

177 2646 278 2711 semel
290 2647 325 2710 in
339 2647 517 2713 amicitiam
531 2650 679 2712 nostram
693 2647 868 2730 venissent,
881 2667 1059 2729 numquam
1073 2649 1196 2729 postea
1286 2643 1287 2652 ³

177 2735 362 2820 deficerent,
394 2737 566 2820 pleraeque
598 2738 707 2801 autem
739 2737 772 2799 et
804 2733 944 2798 maxime
975 2733 1123 2799 illustres
1157 2735 1195 2799 in

140 2843 157 2890 a
177 2824 321 2890 amicitia
343 2827 499 2908 perpetuo
522 2825 701 2888 manerent.
735 2821 852 2906 Itaque
869 2821 1047 2886 maioribus
1065 2823 1194 2888 nostris

176 2913 211 2976 in
237 2910 383 2977 Africam
411 2934 449 2978 ex
478 2912 540 2977 hac
571 2911 738 2996 provincia
770 2909 889 2996 gradm
922 2909 1051 2994 imperii
1082 2910 1193 2976 factus
1208 2929 1236 2970 ao

178 3005 237 3065 111.
281 2999 394 3085 Neque
418 3001 542 3102 enimi
543 3022 597 3064 am
619 2999 714 3065 facile
722 3019 814 3100 ‘opes
838 2996 1048 3100 Carthaginis
1076 3001 1194 3065 tantae

177 3087 405 3172 concidissent,
431 3088 497 3154 nisi
524 3087 606 3152 illud
629 3091 662 3152 et
683 3087 732 3152 rei
752 3086 896 3152 frument
882 3085 985 3152 tariae
1009 3085 1194 3154 subsidium

136 3180 210 3251 2et
250 3138 490 3262 receptaculum
531 3176 690 3242 classibus
727 3179 803 3240 nost
804 3176 849 3239 ris
885 3178 1023 3260 pateret.
1083 3175 1194 3251 Quare

176 3263 211 3328 P.
230 3201 404 3329 Africanus
423 3263 623 3350 Carthagine
642 3265 727 3328 delet
728 3286 748 3328 a
712 3261 949 3328 tSiculorum
967 3263 1112 3327 urbes
1085 3265 1192 3350 signis

176 3353 457 3450 monumentisque
475 3351 704 3436 pulcherrimis
724 3351 901 3433 exornavit,
923 3355 970 3436 ut,
989 3372 1070 3435 quos
1089 3351 1233 3418 victo-³⁵

175 3436 225 3500 ria
246 3440 361 3522 populi
382 3439 522 3504 Romani
544 3440 685 3505 maxime
707 3439 774 3505 laet
760 3440 824 3505 atri
847 3402 934 3504 111111
935 3440 1031 3505 rabat
1016 3443 1080 3524 tur,
1104 3441 1194 3526 apud

138 3531 231 3586 ceos
255 3531 465 3591 monumenta
488 3528 643 3593 victoriae
661 3528 803 3613 plurima
822 3529 1005 3594 1111111111.
982 3527 1193 3614 tDenique
