2564 3876
424 215 499 270 cAP.
520 224 622 273 19-21
642 224 657 284 5
676 224 789 274 ee-es.
1062 218 1102 282 21

103 358 156 438 est,
177 362 425 440 procuratorem
445 361 571 425 decreto
591 362 752 446 praetoris
777 363 959 446 oportuisse
982 383 1105 447 parere.

101 441 200 517 Quid?
224 445 252 509 si
272 445 316 511 M.
331 445 452 512 Brutus
470 449 722 515 intercessurum
743 472 776 514 se
796 450 878 514 dixit
900 452 1019 536 palam,
1042 451 1106 516 nisi

99 530 171 615 quid
204 533 293 598 inter
326 535 433 620 ipsum
460 536 614 604 Alfenum
650 542 683 603 et
715 537 875 604 Naevium
910 539 1106 624 conveniret,

98 619 263 688 videturne
282 623 504 690 intercessisse
523 627 702 711 appellatio
720 627 927 692 tribunorum
949 649 1016 693 non
1038 649 1105 693 mo·

74 721 160 792 ⁵rae,
183 710 242 774 sed
267 713 381 776 auxilii
403 715 522 779 causa?

157 797 245 874 Quid
279 800 393 865 deinde
424 802 484 866 fit?
525 802 677 888 Alfenus,
708 807 746 868 ut
774 825 886 869 omues
912 804 1104 889 intellegere
1115 771 1158 900 ἓξ

95 891 225 970 possent
259 888 379 954 iudicio
412 890 538 956 defendi
571 890 770 975 Quinctium,
803 914 844 956 ne
878 914 942 976 qua
973 893 1105 957 subesse

94 978 201 1058 posset
222 976 334 1042 aliena
353 981 409 1043 aut
427 979 529 1062 ipsius
549 979 655 1045 officio
676 985 733 1046 aut
751 981 846 1044 huius
866 980 1105 1045 existimatione

94 1063 244 1150 suspicio,
268 1066 359 1131 viros
378 1068 481 1132 bonos
500 1069 683 1152 complures
707 1069 853 1150 advocet,
876 1072 1018 1133 testatur
1039 1068 1105 1132 isto

62 1163 82 1202 ¹0
95 1150 243 1218 audiente
278 1175 313 1218 se
346 1177 405 1238 pro
437 1157 602 1221 communi
632 1156 867 1222 necessitudine
899 1157 933 1220 id
964 1155 1105 1241 primum

93 1243 213 1326 petere,
245 1263 291 1306 ne
323 1243 401 1326 quid
435 1245 577 1309 atrocius
603 1245 639 1309 in
666 1246 700 1310 P.
724 1245 909 1320 Quinctium
938 1246 1106 1310 absentem

93 1327 158 1392 sine
172 1351 276 1395 causa
289 1330 397 1396 facere
411 1336 558 1417 conetur3
578 1332 752 1398 sinautem
768 1333 990 1398 inimicissime
1007 1336 1105 1417 atque

92 1414 306 1483 infestissime
337 1421 529 1486 contendere
559 1427 756 1506 perseveret,
789 1444 823 1487 se
853 1426 1005 1507 paratum
1035 1442 1105 1486 esse

92 1506 176 1570 omni
190 1510 287 1572 recta
301 1511 399 1592 atque
414 1509 552 1574 honesta
566 1509 692 1574 ratione
707 1511 885 1595 defendere,
905 1510 990 1595 quod
1004 1513 1106 1596 petat,
1146 1541 1150 1545 ’

61 1605 154 1658 lbnon
173 1595 303 1680 deberi3
327 1617 361 1660 se
379 1596 534 1663 iudicium
553 1598 595 1682 id,
620 1599 706 1682 quod
729 1599 812 1684 edat,
836 1600 988 1684 accipere.
1024 1597 1104 1663 Eius
1124 1607 1157 1657 67

92 1682 135 1746 rei
170 1683 437 1769 condicionisque
468 1687 609 1751 tabellas
646 1687 902 1772 obsignaverunt
932 1687 995 1752 viri
1027 1686 1106 1751 boni

93 1773 286 1858 complures
334 1772 400 1838 Res
429 1774 464 1838 in
494 1775 628 1839 dubium
655 1777 765 1840 venire
792 1797 859 1840 non
885 1777 1005 1860 potest.
1051 1773 1106 1838 Fit

92 1861 183 1926 rebus
214 1862 369 1926 omnibus
397 1862 536 1948 integris
564 1885 667 1948 neque
692 1863 884 1948 proscriptis
906 1884 1010 1947 neque
1033 1883 1106 1946 pos-

95 1950 187 2014 sessis
212 1950 321 2034 bonis,
346 1954 384 2016 ut
397 1950 535 2016 Alfenus
558 1953 732 2037 promittat
749 1951 874 2017 Naevio
899 1950 973 2015 sisti
991 1947 1106 2025 Quinc·

60 2036 181 2104 urium.
224 2037 327 2104 Venit
354 2039 395 2103 ad
422 2040 642 2105 vadimonium
666 2039 844 2116 Quinctius.
884 2038 973 2104 Iacet
996 2060 1048 2103 res
1071 2039 1106 2102 in

93 2127 323 2193 controversiis
351 2127 416 2192 isto
445 2128 663 2194 calumniante
691 2128 871 2211 biennium,
899 2149 1001 2213 usque
1029 2127 1105 2191 dum

92 2213 306 2300 inveniretur,
335 2238 399 2299 qua
425 2217 552 2281 ratione
579 2239 631 2282 res
660 2219 701 2281 ab
729 2217 853 2281 usitata
875 2215 1105 2281 consuetudine

92 2305 258 2368 recederet
290 2307 323 2368 et
349 2305 383 2368 in
410 2304 473 2370 hoc
500 2304 666 2391 singulare
693 2305 847 2370 iudicium
874 2325 972 2370 causa
1000 2304 1104 2370 omnis

93 2393 347 2459 concluderetur.

59 2489 81 2530 ²⁵
156 2479 253 2557 Quod
281 2480 438 2565 officium,
465 2479 500 2546 Ο.
524 2481 650 2566 Aquili,
679 2481 928 2547 commemorari
954 2503 1105 2567 procura·
1123 2488 1158 2538 68

94 2569 175 2634 toris
190 2573 312 2654 potest,
331 2568 417 2653 quod
432 2569 473 2634 ab
489 2568 607 2635 Alfeno
622 2571 835 2654 praeteritum
849 2591 920 2636 esse
936 2569 1105 2635 videatur?

93 2658 169 2740 quid
193 2657 342 2741 affertur,
367 2679 465 2741 quere
488 2656 523 2722 P.
542 2656 710 2733 Quinctius
733 2661 871 2745 negetur
894 2658 1012 2723 absens
1036 2679 1106 2722 esse

93 2745 267 2811 defensus?
298 2745 352 2809 An
374 2767 451 2811 vero
475 2745 522 2830 id,
546 2747 631 2830 quod
654 2745 880 2829 Hortensium,
905 2747 981 2830 quia
1002 2767 1106 2829 nuper

92 2833 212 2916 iniecit,
236 2836 270 2898 et
292 2834 368 2917 quia
389 2832 533 2899 Naevius
557 2857 684 2919 semper
706 2835 740 2899 id
764 2835 920 2917 clamitat,
944 2834 1105 2899 dicturum

60 2923 250 3004 ⁸⁰arbitror,
277 2943 344 2986 non
369 2921 471 2986 fuisse
499 2921 623 2987 Naevio
651 2945 764 3007 parem
792 2923 1004 2989 certationem
1033 2942 1105 2985 cum

92 3009 211 3076 Alfeno
226 3010 286 3075 illo
301 3013 456 3096 tempore,
474 3011 543 3075 illis
562 3011 826 3076 dominantibus?
850 3009 943 3086 Quod
960 3010 988 3073 si
1006 3008 1105 3074 velim

92 3099 254 3182 confiteri,
282 3098 378 3183 illud,
406 3099 534 3184 opinor,
562 3101 750 3184 concedent,
772 3121 839 3165 non
860 3100 1105 3183 procuratorem

91 3187 124 3253 P.
134 3187 269 3265 Quincti
286 3187 449 3252 neminem
468 3186 578 3271 fuisse,
602 3189 658 3252 sed
677 3188 859 3275 gratiosum
877 3186 987 3250 fuisse.
1023 3183 1106 3248 Mihi

92 3281 201 3342 autem
235 3275 277 3340 ad
307 3275 498 3340 vincendum
529 3275 610 3341 satis
641 3280 691 3340 est
721 3275 821 3340 fuisse
851 3276 1105 3360 procuratorem,

59 3375 80 3417 ⁸⁵
92 3365 222 3449 quicum
236 3363 451 3448 experiretur,
473 3364 578 3448 qualis
595 3365 624 3427 is
642 3364 751 3448 fuerit,
774 3363 802 3427 si
821 3362 916 3428 modo
936 3363 1105 3426 absentem

92 3452 287 3519 defendebat
305 3473 363 3536 per
386 3451 436 3517 ius
461 3456 495 3517 et
517 3475 576 3538 per
598 3452 844 3536 magistratum,
865 3449 950 3514 nihil
972 3450 1105 3514 adrem

92 3542 235 3608 arbitror
259 3539 429 3625 pertinere.
786 3538 790 3546 ’
