2576 3882
189 181 256 246 224
491 176 530 232 IN
550 176 579 232 C.
593 175 745 231 VERREM
763 173 894 231 111311.

189 323 351 408 exemplo,
379 343 514 407 ecquam
540 342 609 386 rem
634 320 759 407 putatis
782 339 853 385 esse
876 319 911 383 in
935 317 1046 385 Sicilia
1066 317 1132 382 nisi
1157 319 1202 383 ad
1274 335 1275 406 1

188 417 305 477 nutum
318 410 414 477 istius
432 409 632 476 iudicatam?
663 407 783 473 Utrum
800 407 835 474 id
853 408 960 472 solum
978 406 1107 472 videtur
1126 428 1201 472 esse
1274 425 1275 428 ’

190 505 312 584 actum,
339 498 426 584 quod
450 501 634 564 esttamen
656 500 778 581 actum,
805 499 842 561 ut
865 496 946 561 haec
968 494 1120 560 Heraclio
1144 517 1202 580 pe·

189 589 285 655 cunia
309 588 501 673 eriperetur,
529 609 570 651 an
593 585 693 650 etiam
714 584 810 669 illud,
836 584 872 649 in
895 605 959 669 qno
981 581 1103 669 praeda
1126 587 1202 648 erat
1274 617 1275 620 ¹

189 677 346 761 maxima,
372 680 409 741 ut
435 675 566 741 nomine
592 672 785 739 iudiciorum
812 671 957 738 omnium
984 671 1071 736 bona
1099 674 1229 755 atquae

189 765 341 831 fortunae
362 763 398 830 in
419 763 516 830 istius
538 763 634 827 unius
658 764 767 828 essent
789 760 1010 847 potestatem?

136 825 179 953 ἓξ
256 853 327 919 Iam
348 873 426 917 uero
449 853 484 917 in
506 873 614 916 rerum
636 849 827 936 capitalium
850 847 1095 934 quaestionibus
1119 848 1202 932 quid

189 962 251 1028 ago
282 963 381 1006 unam
413 960 574 1025 quamque
603 960 673 1004 rem
700 938 855 1024 colligam
882 941 917 1002 et
941 936 1097 1003 causam?
1146 935 1202 1001 Ex

189 1029 302 1096 multis
322 1029 483 1094 similibus
507 1049 545 1094 ea
571 1048 706 1111 sumam,
728 1047 811 1111 quaa
834 1023 973 1091 maxime
995 1023 1201 1110 inprobitate

189 1119 345 1185 excellere
363 1116 568 1182 videbuntur.
599 1112 737 1198 Sopater
755 1114 887 1199 qnidam
904 1113 969 1178 fuit
981 1111 1201 1196 Halicyensis,
1217 1133 1241 1170 1⁰

188 1207 287 1272 homo
306 1205 394 1270 domi
413 1225 490 1269 suae
508 1226 582 1270 cum
602 1203 717 1288 primis
741 1202 886 1287 locuples
909 1206 1007 1287 atque
1029 1199 1201 1266 honestus.

187 1294 221 1359 Is
241 1293 283 1359 ab
301 1292 441 1358 inimicis
460 1291 527 1357 suis
552 1291 637 1376 apud
656 1290 689 1356 (l.
709 1289 918 1357 Sacerdotem
939 1291 1126 1377 praetorem
1150 1290 1201 1354 rei

187 1381 340 1466 capitalis
372 1402 446 1446 cum
478 1383 647 1446 accusatus
679 1382 779 1463 esset,
809 1378 907 1444 facile
933 1399 972 1444 eo
998 1376 1118 1442 iudicio
1148 1382 1202 1442 111

187 1469 355 1534 liberatus.
404 1469 489 1535 Huic
521 1468 624 1534 eidem
652 1465 792 1554 Sopatro
823 1467 910 1532 idem
939 1465 1064 1531 inimici
1091 1465 1134 1530 ad
1164 1465 1201 1531 Ο.
1274 1475 1275 1552 l

187 1555 338 1641 Verrem,
369 1579 443 1623 cum
469 1556 498 1622 is
527 1555 694 1623 Sacerdoti
724 1555 946 1639 successisset,
978 1553 1121 1619 eiusdem
1149 1554 1201 1618 rei
1216 1571 1240 1611 1⁵

186 1665 306 1710 nomen
331 1646 525 1711 detulerunt.
570 1645 635 1710 Res
659 1642 799 1730 Sopatro
820 1643 927 1708 facilis
949 1641 1136 1727 videbatur,
1165 1647 1200 1707 et

188 1734 274 1818 quod
306 1738 376 1799 erat
403 1735 558 1800 innocens
586 1735 619 1798 et
646 1732 734 1817 quod
761 1730 943 1797 Sacerdotis
970 1730 1124 1795 iudicium
1147 1730 1201 1795 in·
1274 1759 1275 1770 ¹

186 1823 327 1907 probare
359 1822 459 1887 istum
494 1843 649 1888 ausurum
680 1841 747 1888 non
782 1819 1014 1885 arbitrabatur.
1066 1816 1201 1884 Oitatur

187 1932 274 1994 reus,
294 1931 392 1976 causa
405 1910 515 1996 agitur
528 1908 711 1994 Syracusis3
729 1908 866 1974 crimina
878 1910 1063 1973 tractantur
1082 1907 1124 1971 ab
1144 1929 1201 1974 ac·

188 2003 336 2065 11111111
363 2021 414 2082 11,
442 2019 524 2082 quae
547 2001 642 2063 erant
663 2001 760 2062 antea
781 2017 849 2062 non
870 1996 977 2062 solum
1000 1994 1199 2081 defensione,
1214 2015 1239 2054 ao

135 2100 169 2149 ee
187 2109 301 2152 verum
319 2087 418 2151 etiam
436 2085 554 2152 iudicio
574 2085 742 2152 dissoluta.
776 2083 917 2151 Causam
934 2081 1066 2170 Sopatri
1089 2082 1199 2150 defen·

186 2175 285 2240 dabat
308 2172 344 2250 Q.
367 2173 541 2258 Minucius,
568 2194 666 2264 eques
689 2173 856 2239 Romanus
883 2173 919 2238 in
945 2172 1061 2259 primis
1089 2173 1199 2257 splen·

187 2262 280 2326 didus
304 2264 401 2345 atque
423 2262 580 2327 honestus
602 2261 774 2347 vobisque,
801 2261 936 2346 iudicas,
962 2281 1030 2327 non
1051 2261 1197 2347 ignotus.

186 2349 279 2414 Nihil
294 2353 364 2414 erat
377 2349 412 2412 in
425 2371 531 2434 causa,
550 2351 636 2434 quod
654 2350 863 2416 metuendum
882 2352 940 2415 aut
957 2347 1089 2414 omnino
1109 2349 1198 2434 quod

109 2445 117 2458 ⁸
187 2436 399 2502 dubitandum
426 2438 598 2504 videretur.
642 2437 773 2504 Interea
797 2438 894 2504 istius
921 2436 1060 2502 libertus
1088 2440 1122 2508 11
1144 2459 1197 2503 ac·
1211 2457 1238 2496 as

186 2546 301 2592 census
332 2524 565 2611 timarchides,
602 2528 658 2612 qui
690 2530 754 2610 est,
787 2526 821 2591 id
855 2526 941 2611 qnod
973 2547 1013 2590 ex
1043 2525 1196 2610 plurimis

186 2612 326 2678 testibus
347 2615 455 2699 priore
479 2615 605 2682 actione
629 2613 796 2698 didicistis,
819 2635 927 2679 rerum
949 2613 1083 2679 huiusce
1106 2613 1196 2679 modi

187 2701 331 2767 omnium
348 2707 534 2771 transactor
556 2707 589 2768 ct
612 2701 810 2786 administer,
834 2702 874 2767 11
897 2699 1073 2788 Sopatrum
1094 2703 1195 2787 venit,

187 2793 298 2857 monet
315 2791 490 2877 hominem,
511 2813 552 2856 ne
570 2790 668 2855 nimis
685 2789 804 2856 iudicio
824 2789 1007 2857 Sacerdotis
1026 2794 1060 2856 et
1077 2811 1194 2856 causae

187 2900 264 2981 suae
285 2880 441 2965 confidat3
464 2882 666 2980 accusatores
689 2878 901 2964 inimicosque
924 2878 993 2945 eius
1016 2879 1136 2944 habere
1157 2879 1195 2944 in
1208 2899 1235 2939 co

692 2966 790 3121 11
808 2968 1193 3141 restrudus

186 3166 256 3210 rem
278 3144 453 3210 iudicatam
475 3165 542 3208 non
563 3143 753 3208 rescindere.
794 3141 941 3230 Sopater,
964 3165 1037 3209 eum
1058 3143 1121 3209 hoc
1141 3143 1193 3209 illi

186 3233 399 3318 improvisum
432 3235 529 3316 atque
560 3230 765 3317 inopinatum
799 3233 980 3317 accidisset,
1012 3235 1192 3298 commotus

186 3324 238 3386 est
256 3342 333 3386 sane
351 3341 456 3404 neque
473 3321 508 3385 in
525 3321 719 3407 praesentia,
742 3319 940 3387 Timarchidi
964 3320 1041 3404 quid
1063 3341 1192 3406 respon·
1204 3337 1232 3380 ³⁵

186 3408 290 3491 deret,
312 3406 442 3494 habuit,
464 3408 529 3474 nisi
546 3430 581 3474 se
606 3409 897 3493 consideraturum,
920 3409 999 3492 quid
1021 3408 1085 3474 sibi
1107 3412 1191 3475 esset

184 3493 377 3579 faciendum,
400 3499 433 3561 et
452 3497 549 3563 simul
573 3497 715 3564 ostendit
738 3517 772 3562 se
795 3496 830 3562 in
852 3518 979 3563 summa
1001 3496 1191 3563 difficultate
