2604 3880
425 196 503 251 cAP.
524 203 625 252 rs-ar
647 203 662 263 s
682 204 794 254 es-ro.
1048 199 1112 264 119

93 341 269 406 honestius
289 341 334 406 sit
351 361 463 405 eorum
482 363 588 425 causa,
612 341 696 426 apud
720 362 801 425 quos
825 345 980 426 quaestor
1001 341 1112 428 fueris,

95 451 309 514 quamam,
332 429 422 494 cuius
447 433 600 514 quaestor
621 429 737 515 fueris,
761 430 934 495 accusare?

168 516 350 583 Clarissimi
363 517 427 583 riri
444 522 577 583 nostrae
596 517 739 583 civitatis
757 519 959 603 temporibus
978 519 1111 603 optimis
1130 532 1165 584 aa

94 605 164 671 hoc
188 606 252 670 sibi
273 605 511 690 amplissimum
532 607 849 690 pulcherrimumque
872 606 1045 690 ducebant,
1069 608 1111 673 ab

64 694 287 778 chospitibus
313 694 555 796 clientibusque
586 694 667 778 suis,
699 696 740 760 ab
769 695 887 760 exteris
913 659 1113 782 nationibus,

96 783 240 885 quaein
258 782 434 848 amicitiam
452 782 567 866 populi
585 781 726 848 Romani
749 782 970 868 dicionemque
994 789 1112 870 essent,

93 870 237 935 iniurias
263 871 455 954 propulsare
484 892 659 955 eorumque
680 871 830 936 fortunas
854 871 1032 937 defendere.
1068 872 1112 937 M.

95 957 260 1024 Catonem
282 959 376 1024 illum
395 956 592 1044 Sapientem,
614 959 830 1024 clarissimum
854 960 959 1024 virum
982 964 1015 1025 et
1037 981 1112 1044 pru·

96 1047 341 1131 dentissimum,
368 1069 440 1113 cum
468 1047 581 1112 multis
611 1068 727 1134 graves
754 1047 942 1113 inimicitias
971 1049 1112 1135 gessisse

51 1152 80 1191 10
96 1136 284 1219 accepimns
319 1139 456 1219 propter
490 1135 726 1220 Hispanorum,
762 1136 849 1219 apud
885 1157 966 1221 quos
999 1137 1111 1202 consul

93 1223 221 1306 fircrat,
249 1223 397 1288 iniurias.
439 1221 552 1308 Nuper
580 1222 636 1288 On.
654 1223 837 1289 Domitium
860 1225 978 1290 scimus
1000 1224 1044 1290 M.
1063 1223 1112 1290 Si·
1131 1238 1164 1289 67

95 1313 177 1376 lano
197 1311 282 1376 diem
301 1311 420 1376 dixisse
440 1315 576 1395 propter
598 1311 693 1376 unius
716 1311 858 1376 hominis
881 1312 1112 1398 Aegritomari,

94 1399 231 1483 paterni
257 1399 354 1465 amici
382 1403 480 1484 atque
506 1399 660 1484 hospitis,
691 1399 835 1466 iniuriae.
881 1400 996 1485 Neque
1024 1402 1110 1467 enim
1121 1398 1163 1463 21

96 1488 208 1574 magis
236 1488 362 1552 animos
389 1488 558 1553 hominum
583 1488 768 1553 nocentium
791 1495 843 1552 res'
866 1511 1021 1574 umquam
1042 1490 1113 1555 ulla

51 1593 81 1634 1⁵
96 1576 279 1643 commorit
293 1598 391 1661 qnam
404 1575 485 1640 haec
501 1575 660 1641 maiorum
678 1577 877 1643 consuetudo
895 1577 995 1663 longo
1014 1577 1112 1642 inter·

94 1664 190 1730 vallo
208 1663 348 1748 repetita
365 1686 403 1730 ao
420 1664 534 1749 relata,
558 1665 719 1730 sociorum
740 1665 960 1749 querimoniae
983 1665 1111 1731 delatae

95 1753 142 1818 ad
166 1752 333 1818 hominem
355 1775 422 1818 non
443 1752 691 1837 inertissimum,
719 1757 888 1837 sauceptae
911 1754 953 1818 ab
976 1774 1029 1838 eo,
1056 1754 1113 1840 qui

94 1840 272 1906 videbatur
290 1861 400 1906 eorum
418 1841 568 1907 fortunas
591 1841 654 1906 fide
677 1840 911 1927 diligentiaque
935 1863 992 1907 sua
1016 1863 1112 1925 posse

96 1928 280 1994 defendere.
316 1927 388 1994 Hoc
405 1929 524 1994 timent
541 1929 698 2014 homines,
716 1929 779 1995 hoo
798 1929 960 2015 laborant,
983 1930 1046 1995 hoc
1064 1931 1110 1995 in·
1130 1941 1163 1993 68

51 2037 82 2076 ao
96 2017 197 2083 stitui
224 2021 322 2101 atque
350 2017 430 2082 adeo
458 2017 646 2082 institutum
672 2018 786 2100 referri
812 2041 849 2083 ac
872 2018 1024 2083 renovari
1045 2040 1112 2084 mo

96 2108 183 2171 leste
209 2105 334 2189 ferunt3
365 2109 485 2189 putant
510 2106 581 2170 fore
608 2109 658 2190 ut,
691 2105 719 2170 si
745 2107 905 2189 paulatim
931 2107 1012 2172 haec
1039 2128 1112 2172 con·

97 2193 239 2260 suetudo
278 2215 406 2277 serpere
444 2215 482 2259 ao
516 2194 646 2278 prodire
682 2195 838 2278 coeperit,
874 2217 933 2279 per
963 2195 1111 2260 homines

95 2281 350 2348 honestissimos
369 2282 521 2366 virosque
538 2281 747 2365 fortissimos,
763 2303 831 2348 non
848 2283 980 2367 imperit
981 2304 1018 2348 os
965 2284 1112 2349 t·adu

96 2370 299 2436 lescentulos
320 2375 377 2435 ant
399 2370 489 2435 illius
513 2371 601 2435 modi
624 2333 895 2455 quadriplatorcs
919 2372 1009 2457 leges
1031 2372 1112 2437 iudi·

51 2473 81 2516 25
96 2461 215 2543 ciaque
241 2458 516 2524 administrentur
558 2456 656 2523 Cuius
680 2462 813 2524 consuet
799 2460 920 2524 tudinis
944 2461 1075 2544 atque
1065 2483 1112 2526 ιιι-
1130 2473 1164 2522 69

97 2547 211 2612 stitnti
228 2550 339 2630 patres
357 2547 584 2648 maioresque·
579 2549 711 2612 nostros
732 2569 799 2612 non
821 2551 932 2632 paenrt
907 2549 1010 2613 tebat
1031 2552 1111 2634 tum,

96 2659 174 2700 oum
188 2633 224 2698 P
238 2633 432 2718 Lentulus'
422 2655 451 2698 rs
467 2635 523 2718 qui
536 2635 684 2719 princeps
699 2640 832 2700 senatus
845 2636 919 2721 fuit,
937 2638 1111 2703 accusabat

95 2723 151 2788 M'.
170 2721 341 2806 Aquilium
369 2685 588 2824 subscriptore
616 2721 651 2788 (l.
674 2722 799 2789 Rutilio
825 2725 926 2809 Rufo,
954 2729 1011 2790 aut
1038 2747 1111 2790 eum

97 2813 133 2876 P.
162 2810 353 2895 Africanus,
386 2810 485 2877 homo
516 2811 566 2876 ιιι
567 2815 651 2894 tute,
681 2811 829 2896 fortuna,
863 2813 981 2899 gloria,
1013 2813 1110 2877 rebus

54 2917 83 2956 ιι
97 2899 205 2986 gestis
232 2899 467 2983 amplissimus,
493 2903 707 2983 posteaquam
730 2900 781 2964 bis
805 2902 918 2966 consul
941 2904 975 2966 et
997 2922 1111 2965 censor

94 2989 217 3071 fuerat,
239 2987 275 3053 L.
294 2986 427 3053 Oottam
444 2987 479 3052 in
501 2987 654 3052 iudicium
677 2988 825 3053 vocabat.
865 2988 939 3053 Iure
961 2991 1032 3053 tum
1055 2988 1112 3053 flo-

95 3076 196 3141 rebat
227 3076 341 3160 populi
371 3075 511 3141 Romani
542 3095 673 3160 nomen,
703 3076 775 3142 iure
808 3076 984 3142 auctoritas
1014 3075 1111 3140 huius

95 3163 230 3248 imperii
248 3164 453 3248 civitatisque
472 3163 626 3228 maiestas
646 3165 756 3251 grads
775 3164 966 3230 habebatur.
1004 3163 1111 3229 Nemo

95 3253 282 3317 mirabatur
300 3252 337 3316 in
353 3252 509 3317 Africano
531 3252 599 3336 illo,
624 3252 710 3336 quod
731 3253 767 3316 in
790 3274 842 3317 me
863 3273 957 3336 nunc,
979 3252 1111 3318 homine

52 3357 82 3400 ss
95 3340 210 3425 parvis
235 3339 350 3424 opibus
375 3363 412 3406 ac
434 3340 648 3405 facultatibus
670 3340 833 3425 praedito,
861 3341 1018 3406 simulant
1041 3361 1111 3406 sese

95 3428 227 3512 mirari,
265 3450 337 3493 cum
369 3429 507 3494 moleste
538 3429 660 3493 ferunt:
694 3426 793 3503 ‘Quid
826 3429 890 3494 sibi
920 3429 982 3493 iste
1015 3429 1111 3495 vult?
1131 3440 1165 3489 ιο

96 3522 363 3583 accusatoremne
383 3539 417 3582 se
440 3516 629 3602 existimari,
652 3516 708 3601 qui
727 3522 823 3582 antea
844 3516 1012 3582 defendere
1036 3540 1111 3584 con-
