2576 3882
174 209 241 274 290
475 203 514 259 ru
533 206 563 262 c.
577 185 734 260 vaaaau
751 203 832 260 scu
852 205 886 260 11.

173 374 214 418 ne
241 351 388 434 tolleret,
419 353 457 414 ut
489 353 564 415 ante
591 347 758 414 Kalendas
786 348 924 414 Sextiles
952 349 1103 415 decumas
1131 351 1184 415 de·

173 443 322 525 portatas
354 439 504 523 haberet,
535 437 616 502 haec
643 437 753 502 omnia
779 437 846 502 iam
873 437 1013 502 venditis
1041 438 1184 504 decumis

174 549 259 593 anno
292 527 392 592 tertio
423 529 457 591 te
489 525 627 591 edixisse
659 525 744 609 dico;
781 547 863 610 quae
895 526 925 590 si
955 526 1003 590 rei
1034 527 1185 612 publicae

174 637 272 682 causa
299 615 436 698 faceres,
463 614 498 678 in
523 612 694 680 vendundo
722 618 832 678 essent
855 615 1080 699 pronuntiata,
1109 616 1187 699 quia

173 709 232 769 tua
264 725 361 769 causa
392 703 550 786 faciebas,
582 702 669 786 quod
700 704 772 766 erat
796 702 1016 785 imprudentia
1041 707 1209 787 praeter-s

174 794 324 875 missum,
351 792 386 856 id
413 794 550 875 quaestu
576 812 613 855 ac
635 793 783 874 tempore
806 790 991 855 admonitus
1014 792 1186 876 reprehen-

121 892 157 943 52
177 881 262 946 disti.
315 879 403 946 Illud
438 901 516 944 vero
552 878 604 943 cui
634 878 769 962 probari
799 883 923 963 potest,
958 881 993 944 te
1025 879 1095 943 sine
1129 883 1186 945 tuo

175 972 322 1053 quaestu,
344 991 382 1034 ac
404 967 547 1033 maximo
571 970 717 1050 quaestu,
739 969 867 1032 tantam
891 970 981 1032 tuam
1004 967 1187 1051 infamiam,

175 1062 304 1123 tantum
331 1055 448 1140 capitis
475 1056 525 1120 tui
551 1052 822 1137 fortunarumque
850 1058 982 1119 tuarum
1003 1056 1186 1139 periculum

174 1145 370 1232 neglexisse,
405 1147 457 1227 ut,
490 1165 563 1208 cunr
595 1142 698 1207 totius
730 1141 859 1208 Siciliae
891 1142 1009 1208 cotidie
1042 1145 1186 1229 gemitus
1201 1163 1225 1202 rc

175 1231 457 1318 querimoniasque
480 1230 616 1314 audires,
639 1251 721 1312 cum,
743 1235 781 1295 ut
802 1231 872 1314 ipse
895 1230 1015 1314 dixisti,
1036 1253 1131 1296 reum
1153 1237 1187 1297 te

174 1321 245 1386 fore
258 1323 400 1404 putares,
419 1340 491 1383 cum
505 1319 638 1383 huiusce
651 1318 762 1384 iudicii
780 1319 952 1385 discrimen
971 1319 1013 1384 ab
1031 1320 1187 1403 opinione

175 1413 233 1472 tua
266 1428 332 1472 non
364 1406 567 1490 abhorreret,
602 1410 750 1491 paterere
781 1411 892 1472 tamen
925 1411 1071 1472 aratores
1103 1408 1186 1473 indi·

176 1494 343 1581 gnissimis
369 1494 495 1558 iniuriis
520 1494 631 1559 vexari
654 1516 693 1559 ao
715 1494 834 1579 diripi?
880 1494 1045 1579 Profecto,
1074 1518 1187 1580 quam·

176 1605 273 1666 quam
302 1604 336 1647 es
359 1583 518 1668 singulari
541 1581 734 1647 crudelitate
758 1587 791 1647 et
813 1583 960 1666 audacia,
989 1587 1101 1648 tamen
1125 1586 1185 1650 abs
1201 1603 1225 1644 1s

175 1675 208 1735 te
218 1675 324 1736 totam
334 1671 470 1736 alienari
482 1670 692 1756 provinciam,
706 1674 758 1735 tot
772 1671 920 1736 homines
934 1671 1185 1739 honestissimos

61 1821 66 1834 ,
175 1781 213 1826 ac
236 1759 510 1843 locupletissimos
533 1757 596 1822 tibi
618 1757 859 1824 inimicissimos
882 1759 953 1824 fieri
974 1760 1095 1844 nolles,
1120 1762 1187 1825 nisi

174 1848 260 1913 hanc
287 1848 448 1913 rationem
475 1849 508 1911 et
533 1846 767 1932 cogitationem
791 1845 907 1912 salutis
929 1851 1006 1912 tuae
1028 1850 1186 1933 pecuniae

121 1947 156 1998 ee
175 1936 336 2021 cupiditas
359 1959 397 2000 ac
418 1955 572 2020 praesens
594 1934 654 1999 illa
676 1935 797 2019 praeda
820 1940 997 2019 superaret.
1041 1935 1185 2022 Etenim,

176 2025 328 2109 quoniam
348 2045 508 2088 summam
527 2043 565 2087 ac
581 2043 752 2087 numerum
770 2023 960 2088 iniuriarum
979 2023 1082 2109 vobis,
1103 2026 1185 2091 iudi·
1200 2045 1225 2085 sc

175 2133 241 2196 ces,
273 2134 340 2177 non
370 2133 506 2195 possum
537 2131 739 2195 expromere,
773 2110 968 2198 singillatim
1001 2115 1112 2177 autem
1146 2115 1185 2179 de

174 2200 269 2264 unius
284 2199 437 2281 cuiusque
454 2198 659 2263 incommodo
679 2197 783 2263 dicere
801 2199 964 2264 inlinitum
984 2204 1043 2285 est,
1063 2223 1186 2286 genera

174 2288 246 2372 ipsa
267 2286 473 2369 iniuriarum,
496 2307 630 2370 quaeso,
653 2287 848 2371 cognoscite.

121 2373 163 2439 21
240 2373 394 2457 Nympho
423 2378 473 2438 est
496 2373 740 2458 Centuripinus,
766 2375 864 2439 homo
889 2395 1013 2462 gnavus
1037 2380 1070 2440 et
1093 2377 1185 2443 indu·

175 2461 288 2546 striue,
312 2461 609 2546 experientissimus
633 2484 671 2526 ac
693 2462 963 2548 diligentissimus
987 2467 1107 2531 arator.
1150 2467 1184 2530 Is
1199 2485 1224 2526 ss

174 2572 248 2614 cum
275 2551 438 2616 arationes
467 2571 603 2636 magnas
631 2551 805 2615 conductas
833 2551 980 2634 haberet,
1012 2552 1099 2636 quod
1125 2553 1185 2619 hc·

174 2638 277 2702 mines
297 2638 395 2703 etiam
414 2639 602 2722 locupletes,
625 2638 709 2702 sicut
727 2638 783 2703 ille
803 2643 861 2722 est,
884 2639 918 2703 in
942 2637 1053 2704 Sicilia
1074 2641 1184 2707 facere

175 2730 384 2811 consuerunt,
412 2748 530 2811 casque
557 2747 677 2810 magna
699 2727 835 2810 inpensa
858 2747 1040 2812 magnoque
1062 2728 1182 2794 instru-

174 2819 284 2880 mento
303 2820 457 2900 tueretur,
479 2816 572 2878 tanta
590 2813 632 2877 ab
650 2813 715 2878 isto
734 2814 907 2898 iniquitate
925 2836 1100 2900 oppressus
1122 2821 1185 2903 est,

174 2907 211 2966 ut
236 2924 304 2990 non
325 2905 422 2969 modo
446 2902 608 2968 arationes
632 2901 842 2985 relinqueret,
870 2903 1047 2968 sedetiam
1072 2925 1112 2968 ex
1135 2903 1185 2970 si·
1199 2924 1223 2965 sc

174 2990 249 3056 cilia
275 2991 465 3076 profugeret
487 2989 689 3072 Romamque
716 3011 781 3054 una
808 3013 880 3055 curn
908 2992 1020 3056 multis
1048 2993 1090 3057 ab
1115 2993 1185 3059 isto

174 3078 284 3143 eiectis
302 3079 434 3143 veniret.
466 3077 490 3159 †
507 3075 597 3140 Fecit
614 3081 652 3141 ut
671 3077 864 3143 decumanus
878 3078 1107 3164 Nymphonem
1126 3103 1183 3147 ne-

174 3171 268 3250 garet
287 3188 325 3230 er
349 3167 453 3230 edicto
475 3165 534 3228 illo
557 3165 736 3249 praeclaro,
759 3166 846 3249 quod
867 3168 992 3232 nullam
1016 3168 1058 3233 ad
1081 3169 1184 3236 aliam

173 3275 242 3317 rem
260 3253 324 3316 nisi
343 3253 383 3316 ad
401 3252 603 3316 huiusmodi
622 3257 775 3337 quaestus
793 3255 987 3339 pertinebat,
1009 3277 1183 3323 numerum

119 3348 155 3398 64
173 3339 321 3422 iugerum
335 3339 516 3419 professum
532 3361 609 3407 esse.
640 3339 795 3425 Nympho
813 3363 885 3405 cum
904 3364 939 3407 se
957 3344 1057 3408 vellet
1076 3367 1182 3429 aequo
1197 3363 1222 3405 cs

172 3425 290 3488 iudicio
310 3422 487 3508 defendere,
506 3426 562 3490 dat
580 3428 642 3492 iste
660 3429 748 3492 viros
768 3429 909 3512 optimos
927 3435 1184 3518 recuperatores,

173 3511 308 3574 eundem
326 3508 421 3574 illum
440 3513 598 3578 medicum
618 3513 803 3580 Cornelium
822 3514 866 3602 (is
888 3520 938 3581 est
951 3518 1181 3586 Artemidorus
