2524 3876
194 152 234 216 16
459 147 766 214 Praenominum
786 147 930 202 ORATIO.

190 294 357 380 praedicat
375 296 409 358 ct
426 293 568 377 pretium
591 291 734 376 conficit,
755 291 831 356 huic
854 291 1100 356 acerbissimum
1122 291 1193 358 vivo

191 382 377 466 videntique
404 380 501 446 funus
529 381 669 465 ducitur,
696 379 725 446 si
751 379 848 444 fimus
874 379 908 444 id
931 378 1116 444 habendum
1139 385 1195 463 est,

192 491 255 555 quo
269 491 337 535 non
354 468 450 534 amici
468 469 663 535 conveniunt
681 468 723 534 ad
740 467 910 551 exsequias
929 467 1195 552 cohonestandas,

192 559 249 623 sed
266 559 426 623 bonorum
445 561 607 642 emptores
626 559 664 621 ut
681 556 847 622 carnifices
868 555 910 621 ad
931 556 1087 640 reliquias
1109 557 1195 622 vitae

192 647 381 712 lacerandas
404 648 438 712 et
460 643 694 710 distrahendas.
1208 661 1220 702 s

257 733 374 818 ltaque
401 733 540 799 maiores
567 733 673 797 nostri
697 754 771 797 raro
794 732 829 796 id
851 732 993 798 accidere
1016 732 1198 815 voluerunt,

192 826 372 907 praetores,
397 825 434 886 ut
457 820 657 886 considerate
679 820 785 904 fieret,
810 824 1090 904 comparaverunt.
1126 821 1198 886 Viri

192 910 361 976 bonicum
383 910 494 995 palam
515 908 722 991 fraudantur,
745 930 817 973 oum
840 907 1028 992 experiundi
1049 911 1197 993 potestas

190 1021 258 1065 non
285 1002 348 1080 est,
374 996 487 1062 timide
514 1001 625 1061 tamen
652 999 686 1060 at
708 996 941 1081 pedetemptim
962 997 1048 1062 istuc
1071 997 1197 1063 descen·

95 1107 97 1112 ’
193 1087 273 1151 dunt
290 1087 324 1152 vi
342 1107 380 1151 aa
397 1085 591 1152 necessitate
609 1085 722 1168 coacti,
743 1084 847 1169 inviti,
869 1084 982 1149 multis
1004 1084 1198 1150 vadimoniis
1211 1105 1232 1142 1⁰

193 1174 342 1258 desertis,
374 1195 470 1258 saepe
496 1173 587 1238 illusi
614 1194 652 1237 ac
679 1172 840 1257 destituti3
869 1172 1077 1238 considerant
1103 1174 1198 1259 enim,

193 1262 270 1346 quid
289 1266 322 1325 et
341 1265 509 1345 quantum.
521 1261 565 1325 sit
588 1260 723 1325 alterius
746 1260 833 1325 bona
854 1261 1066 1346 proscribere.
1102 1260 1198 1348 Iugu-

192 1351 260 1414 lare
274 1349 376 1414 civem
389 1371 430 1413 ne
444 1349 513 1413 iure
528 1349 657 1432 quidem
672 1349 843 1432 quisquam
857 1349 962 1414 bonus
976 1348 1057 1432 vult,
1072 1351 1198 1415 mavult

192 1436 438 1502 commemorari
452 1459 495 1520 se,
514 1459 587 1502 cum
605 1441 717 1522 posset
734 1437 878 1521 perdere,
894 1437 1077 1522 pepercisse
1092 1460 1198 1523 qnam,

191 1547 264 1590 cum
293 1547 425 1609 parcere
452 1525 610 1610 potuerit,
640 1525 827 1609 perdidisse.
871 1523 961 1591 Haec
986 1525 1023 1589 in
1048 1525 1198 1591 homines
1212 1544 1233 1582 1⁵

191 1613 421 1696 alienissimos,
450 1613 586 1698 denique
613 1613 856 1678 inimicissimos
884 1613 947 1677 uiri
973 1613 1052 1677 boni
1072 1613 1199 1679 faciunt

192 1704 225 1765 et
251 1701 420 1766 hominum
450 1701 700 1765 existimationis
723 1705 757 1766 et
779 1701 958 1766 communis
981 1700 1199 1767 humanitatis

190 1811 296 1874 causa,
315 1793 361 1873 ut,
379 1811 451 1855 cum
465 1789 529 1873 ipsi
542 1789 626 1853 nihil
644 1789 740 1854 alteri
759 1789 896 1854 scientes
914 1789 1200 1874 incommodarint‚

190 1878 273 1943 nihil
295 1877 375 1962 ipsis
398 1877 468 1942 iure
490 1876 687 1941 incommodi
709 1877 822 1942 cadere
843 1877 957 1961 possit.

139 1977 171 2026 tr
278 1964 331 2029 Ad
360 1965 580 2030 vadimonium
608 1986 675 2030 non
701 1965 799 2030 venit.
844 1963 944 2042 Quis?
982 1964 1233 2052 Propinquusu

191 2051 227 2118 Si
252 2075 304 2118 res
332 2053 397 2118 ista
426 2053 620 2139 gravissima
647 2075 706 2118 sua
733 2055 849 2136 sponte
877 2053 1054 2137 videretur,
1088 2059 1200 2120 tamen

191 2142 259 2206 eius
273 2142 428 2206 atrocitas
442 2140 688 2206 necessitudinis
702 2141 832 2206 nomine
845 2140 1019 2206 levaretur.
1043 2141 1099 2206 Ad
1112 2144 1201 2208 vadi·

191 2229 334 2294 monium
353 2251 419 2294 non
436 2229 534 2294 venit.
570 2227 671 2304 Quis?
695 2226 816 2294 Socius.
850 2227 962 2293 Etiam
983 2231 1118 2314 gravius
1144 2231 1201 2296 ali·

192 2317 269 2400 quid
299 2316 329 2380 ei
358 2314 504 2382 deberes*
520 2317 706 2401 concedere,
736 2317 865 2400 quicum
894 2321 927 2382 te
957 2320 1014 2382 aut
1043 2318 1201 2384 voluntas

191 2411 423 2490 congregasset
437 2409 494 2470 aut
506 2405 639 2470 fortuna
652 2405 880 2470 coniunxisset.
907 2404 961 2470 Ad
975 2405 1202 2473 vadimonium
1214 2423 1236 2463 ²⁵

190 2514 256 2557 non
284 2493 382 2557 venit.
428 2490 528 2568 Quis?
559 2492 606 2577 Is,
636 2493 692 2577 qui
720 2492 782 2557 tibi
811 2497 943 2578 praesto
971 2515 1101 2580 semper
1127 2496 1203 2562 fnit.

189 2579 278 2666 Ergo
296 2580 332 2652 in
351 2603 432 2665 eum,
455 2582 511 2665 qui
529 2582 628 2646 semel
647 2581 709 2646 hoc
727 2582 899 2664 commisit,
921 2584 959 2646 ut
979 2582 1041 2646 tibi
1063 2589 1202 2666 praesto

188 2690 256 2734 non
273 2673 374 2747 esset,
396 2669 505 2734 omnia
527 2669 595 2733 tela
617 2669 795 2752 coniecisti,
818 2691 901 2754 quae
921 2673 1040 2753 parata
1063 2677 1146 2735 sunt
1169 2673 1205 2736 in

190 2779 260 2842 eos,
298 2757 355 2842 qui
414 2757 553 2822 ermulta
587 2757 672 2823 male
707 2757 825 2843 agendi
843 2778 940 2822 causa
961 2758 1204 2844 fraudandique

137 2845 356 2911 refecerunt?
390 2781 428 2909 ii
450 2844 630 2930 dupondius
654 2849 729 2910 tuus
753 2853 918 2930 ageretur,
940 2843 1010 2910 Sex.
1029 2845 1151 2931 Naevi,
1176 2847 1236 2911 siu

189 2934 224 2998 in
250 2933 388 3019 parvula
414 2955 449 2998 re
476 2933 636 3017 captionis
661 2934 784 3017 aliquid
806 2955 965 3018 vererere,
991 2955 1059 2999 non
1083 2936 1203 3000 statim

190 3023 232 3086 ad
246 3021 281 3086 Ο.
290 3021 460 3105 Aquilium
474 3024 531 3086 aut
546 3020 586 3086 ad
601 3043 712 3086 eorum
731 3022 881 3106 aliquem,
900 3022 956 3106 qui
974 3023 1203 3106 consuluntur,

189 3109 428 3175 concurrisses?
451 3132 524 3174 cum
546 3109 598 3174 ius
622 3109 796 3193 amicitiae,
820 3110 999 3193 societatis,
1023 3111 1203 3178 affinitatis

189 3201 353 3284 ageretur,
387 3219 459 3262 cum
492 3196 591 3262 officii
622 3195 782 3262 rationem
814 3202 912 3282 atque
944 3198 1203 3266 existimationis

188 3285 261 3350 duci
283 3285 483 3370 conveniret,
510 3307 547 3350 eo
571 3288 717 3370 tempore
739 3289 776 3350 tu
799 3308 866 3351 non
888 3286 983 3352 modo
1006 3308 1074 3352 non
1098 3289 1143 3353 ad
1168 3286 1236 3353 θῶ

188 3372 356 3455 Aquilium
369 3377 426 3437 aut
440 3373 475 3438 L.
485 3373 644 3438 Lucilium
659 3374 825 3458 rettulisti,
844 3374 900 3439 sed
916 3396 957 3438 ne
974 3375 1045 3459 ipse
1064 3377 1203 3459 quidem

188 3461 221 3520 te
236 3458 436 3542 consuluisti,
453 3469 494 3524 'ne
508 3461 570 3526 hoc
587 3462 715 3545 quidem
734 3465 841 3527 tecum
859 3463 986 3528 loeutus
1005 3484 1053 3529 es:
1073 3463 1202 3529 ‘Horae

140 704 182 830 ll
