2604 3880
397 163 497 219 0101
538 163 616 221 CAR
636 170 680 236 ss,
698 173 732 220 00
751 173 766 233 s
786 172 917 222 sea-101,
1098 169 1159 233 177

150 307 316 373 satoribus
335 307 528 372 Dolabellae
546 309 737 394 obsignatas
757 310 891 395 diceret3
914 312 1049 396 proinde
1068 313 1162 396 quasi

151 395 352 461 exscribendi
382 400 582 480 potestatem
611 418 677 462 non
704 399 848 464 haberet.
899 397 994 464 Solus
1022 404 1073 465 est
1098 400 1161 485 hic,

152 485 207 568 qui
229 504 408 568 numquam
430 485 574 550 rationes
598 485 639 550 ad
662 488 823 552 aerarium
845 488 975 554 referat.
1011 488 1160 554 Audistis
1171 487 1213 554 39

152 572 373 656 quaestorium
399 573 560 638 rationem
583 575 688 638 tribus
711 575 880 641 versieulis
903 578 1052 661 relatam,
1074 578 1161 662 lega·

124 662 251 726 ctionis
278 683 345 726 non
371 661 436 726 nisi
463 662 676 728 condemnato
705 667 738 728 et
766 665 867 729 eiecto
891 686 943 748 eo,
971 666 1026 748 qui
1048 671 1161 750 posset

150 749 397 834 reprehendere,
428 772 514 815 nunc
541 750 677 834 denique
704 756 890 837 praeturae3
922 776 1020 838 quam
1048 776 1086 818 ex
1114 776 1162 819 se·

150 842 248 903 natus
278 839 428 903 consulto
456 839 569 903 statim
597 839 717 903 referre
746 840 869 925 debuit,
902 863 1003 926 usque
1030 842 1072 906 ad
1098 843 1161 908 hoc

150 931 280 1010 tempus
307 948 374 990 non
401 927 538 991 rettulit.
583 925 778 1002 Quaestores
807 951 877 994 sese
903 930 939 994 in
966 935 1081 994 senatu
1107 953 1160 994 ex·
1179 954 1213 1004 00

150 1019 281 1100 pectare
313 1014 407 1098 dixit,
437 1014 573 1098 proinde
606 1017 699 1098 quasi
729 1039 808 1102 non,
839 1022 877 1081 ut
909 1023 1062 1102 quaestor
1090 1019 1160 1084 sine

112 1121 138 1161 1⁰
151 1108 302 1188 praetore
325 1103 432 1184 possit
455 1103 615 1168 rationem
637 1103 758 1169 referre
781 1103 833 1190 (ut
854 1110 905 1189 tu,
930 1105 1101 1187 Hortensi,
1123 1111 1161 1170 ut

152 1188 292 1278 omnes),
319 1191 432 1255 eodem
460 1191 555 1256 modo
585 1192 654 1256 sine
682 1198 854 1276 quaestore
880 1199 1022 1277 praetor.
1068 1194 1161 1258 Dixit

149 1280 237 1344 idem
264 1279 472 1344 Dolabellam
499 1278 700 1363 impetrasse.
747 1280 850 1346 Omen
876 1283 982 1368 magis
1010 1284 1160 1368 patribus

151 1367 343 1452 conscriptis
367 1388 465 1451 quam
488 1389 587 1432 causa
609 1369 743 1454 placuit3
767 1369 996 1454 probaverunt.
1038 1371 1160 1436 Verum

151 1461 340 1541 quaestores
359 1477 485 1540 quoque
503 1456 570 1521 iam
588 1456 714 1542 pridem
737 1464 907 1542 venerunt,
931 1481 987 1523 cur
1009 1481 1075 1524 non
1098 1463 1161 1523 ret-

110 1562 136 1602 11
150 1545 279 1610 tulisti?
311 1543 448 1608 Illarum
462 1544 626 1610 rationum
645 1567 684 1609 ex
707 1567 745 1610 ea
762 1545 851 1611 faece
870 1547 1044 1632 legationis
1064 1569 1160 1632 quae-

151 1633 335 1717 storiaeque
363 1637 438 1698 tuae
463 1633 700 1717 procurationis
722 1633 783 1698 illa
805 1639 883 1699 sunt
903 1636 1050 1717 nomina,
1078 1658 1160 1720 quae

150 1721 344 1787 Dolabellae
379 1721 560 1786 necessario
594 1725 671 1784 sunt
706 1722 887 1787 aestimata.
941 1722 992 1786 Ex
1023 1741 1160 1788 ammos

22 1891 24 1894 Ι
151 1827 358 1875 00000000
373 1808 611 1874 Doasanuana
626 1827 679 1874 Pa.
693 1827 821 1894 arpeo
835 1829 901 1874 rar
922 1810 1015 1886 Quod
1034 1811 1140 1875 minus
1162 1825 1212 1875 100

150 1897 326 1975 Dolabella
350 1897 446 1962 Verri
473 1901 641 1982 acceptum
668 1898 810 1981 rettulit,
844 1919 941 1981 quam
964 1897 1082 1962 Verres
1109 1899 1161 1962 illi

111 2006 138 2043 20
151 2009 327 2072 expensum
341 1986 464 2069 tulerit,
481 1983 538 2049 HS
553 1985 731 2071 quingenta
745 1985 884 2071 triginta
900 1987 1040 2070 quinque
1060 1987 1160 2070 milia,

151 2079 185 2139 et
207 2075 293 2159 quod
316 2075 389 2157 plus
412 2073 491 2139 fecit
512 2073 687 2138 Dolabella
705 2073 841 2138 Verrem
864 2074 1038 2158 accepisse,
1062 2096 1159 2159 quam

150 2164 214 2227 iste
240 2163 276 2226 in
303 2163 369 2227 suia
393 2162 516 2226 tabulis
538 2162 667 2246 habuit,
695 2160 751 2226 HS
774 2162 912 2227 ducenta
934 2162 1073 2248 triginta
1097 2163 1159 2228 duo

151 2251 256 2334 milia,
288 2255 322 2315 01
353 2249 440 2335 quod
471 2251 545 2334 plus
574 2249 730 2328 frumenti
756 2249 834 2316 fecit
861 2250 1023 2335 accepisse
1050 2251 1159 2335 istum,

150 2338 207 2404 HS
221 2338 348 2404 deciens
363 2344 397 2403 et
416 2339 604 2423 octingenta
622 2339 722 2422 milia,
741 2339 828 2423 quod
845 2344 882 2404 tu
900 2339 998 2404 homo
1017 2339 1160 2404 castissi-

111 2443 138 2484 25
151 2449 224 2492 mus
252 2427 341 2492 uliud
367 2427 402 2492 in
428 2426 550 2491 tabulis
575 2426 730 2492 habebas.
775 2426 860 2492 Hine
883 2427 961 2492 illae
985 2428 1160 2493 extraordi-

124 2515 263 2580 nariae
294 2515 462 2599 pecuniae,
495 2537 575 2599 quas
607 2514 698 2580 nullo
729 2515 808 2580 duce
840 2519 951 2580 tamen
981 2517 1092 2600 aliqua
1122 2538 1161 2580 ex

150 2603 315 2688 particula
340 2603 590 2688 investigamus,
617 2603 851 2686 redundarunt,
878 2605 954 2668 hinc
978 2604 1063 2669 ratio
1087 2627 1160 2670 cum

151 2692 240 2768 001
263 2690 320 2757 On.
337 2691 503 2756 Postumis
523 2689 643 2756 Curtiis
667 2692 780 2756 multis
802 2692 998 2776 nominibus,
1022 2713 1159 2776 quornm

150 2781 186 2845 in
203 2780 326 2844 tabulis
347 2780 409 2844 iste
432 2780 534 2844 habet
554 2780 695 2863 nullum3
716 2779 792 2844 hinc
814 2777 870 2844 HS
895 2783 1010 2864 quater
1033 2779 1159 2843 deciens

110 2887 137 2926 so
150 2867 186 2935 P.
200 2867 302 2932 Tadio
322 2872 529 2933 numeratum
547 2867 687 2932 Athenis
708 2868 846 2932 testibus
870 2869 1005 2952 planum
1027 2865 1160 2949 faciam3

106 3005 110 3017 ,
150 2957 227 3021 hinc
255 2961 365 3040 empta
389 2956 594 3041 apertissime
617 2960 783 3039 praetura,
809 2956 874 3020 nisi
896 2958 981 3020 forte
1004 2955 1038 3018 id
1060 2954 1160 3018 etiam

151 3045 285 3110 dubium
304 3048 363 3127 est,
387 3067 450 3128 quo
469 3045 565 3108 modo
584 3043 646 3108 iste
665 3049 796 3128 praetor
814 3043 920 3108 factus
940 3043 992 3106 sit.
1033 3041 1140 3106 Homo
1163 3053 1210 3102 101

151 3134 276 3198 scilicet
303 3138 361 3197 aut
387 3132 547 3197 industria
574 3136 631 3196 aut
658 3154 757 3214 opera
783 3132 924 3215 probata
946 3133 1003 3195 aut
1025 3128 1160 3215 frugali-

150 3221 230 3285 tatis
251 3220 490 3286 existimatione
513 3221 681 3304 praeolara
704 3224 761 3283 aut
783 3219 929 3303 denique,
951 3218 985 3282 id
1009 3217 1094 3302 quod
1117 3218 1160 3281 le-

4 3377 13 3390 ,
111 3309 321 3374 sevissimam
348 3313 410 3394 est,
439 3308 644 3386 assiduitate,
673 3307 728 3390 qui
756 3311 832 3371 ante
856 3309 1064 3391 quaesturam
1087 3327 1160 3370 cum

150 3397 375 3463 meretricibus
412 3397 646 3480 lenonibusque
683 3394 830 3478 vixisset,
868 3397 1077 3478 quaesturam
1112 3393 1160 3457 ita

150 3485 318 3570 gessisset,
346 3508 442 3570 quem
471 3485 512 3550 ad
538 3485 669 3549 modum
697 3483 910 3568 cognovistis,
938 3481 1062 3549 Romae
1084 3486 1160 3567 post

202 3598 257 3642 oro.
271 3598 303 3638 11.
320 3601 337 3640 1.
912 3593 944 3641 12
