2564 3876
189 179 234 242 80
283 177 354 233 PRO
365 177 442 232 SEX.
453 175 581 232 ROSCIO
591 175 760 232 AMERINO
772 173 829 230 ΟΒ.
862 174 946 243 Qut,
963 180 1167 242 535151-154.

189 344 264 388 cum
286 321 447 406 proelium
470 321 693 404 committunt,
714 323 752 385 ut
774 321 810 384 in
832 341 871 386 eo
893 319 980 405 loco,
1002 342 1065 405 quo
1086 319 1183 406 fugam

190 410 336 474 hostium
362 409 433 475 fore
456 409 669 491 arbitrentur,
699 409 821 474 milites
850 408 1024 492 collocent,
1050 409 1187 510 inques,

100 574 104 579 ’
191 519 450 651 muisippssptcep
471 497 946 651 diliitrrldiiiuieiiiipbbdbsriurld1
947 495 1187 670 edildpitbreidlinds

190 674 253 758 hic,
276 675 360 740 tales
378 675 476 758 viros,
499 674 619 756 sedere,
642 673 697 759 qui
715 673 883 759 err'cipiatis
907 695 972 757 eos,
996 675 1052 759 qui
1074 674 1111 739 de
1132 673 1217 738 suisa

191 762 340 828 manibus
370 763 551 848 effugerint.
591 761 635 827 Di
661 761 870 847 prohibeant,
901 762 1037 847 iudices,
1065 783 1106 826 ne
1130 761 1191 844 hoc,

192 850 278 936 quod
312 852 452 917 maiores
484 850 655 916 consilium
681 851 850 935 publicum
881 850 991 916 vocari
1022 850 1192 932 voluerunt,

141 957 191 1007 152
209 940 407 1024 praesidium
431 942 592 1005 sectorum
615 938 830 1004 existimetur!
871 937 926 1004 An
952 959 1045 1023 vero,
1074 938 1194 1020 iudices,

192 1050 251 1094 vos
273 1051 339 1094 non
357 1027 549 1114 intellegitis
571 1026 655 1091 nihil
674 1026 763 1092 aliud
781 1026 845 1112 agi,
866 1026 932 1092 nisi
949 1029 987 1091 ut
1004 1027 1194 1113 proscripto·

192 1139 266 1182 rum
284 1117 380 1182 liberi
399 1117 513 1200 quavis
532 1114 659 1180 ratione
677 1115 847 1199 tollantur,
867 1118 900 1179 et
919 1114 987 1179 eius
1007 1116 1056 1180 rei
1074 1115 1195 1179 initium
1209 1138 1234 1177 ιο

192 1205 227 1269 in
254 1208 364 1270 restro
390 1203 462 1269 iure
487 1202 623 1268 iurando
652 1206 749 1288 atquc
777 1204 812 1268 in
836 1201 906 1268 Sex.
934 1203 1034 1268 Rosci
1061 1203 1196 1288 periculo

176 1292 325 1377 vquaeri?
361 1290 545 1356 Dubiumne
565 1295 623 1376 est,
646 1290 688 1356 ad
706 1313 799 1376 quem
820 1290 1015 1357 maleficium
1033 1291 1197 1376 pertineat,

193 1402 266 1445 cum
290 1379 429 1445 videatis
458 1401 497 1444 ex
524 1379 629 1444 altera
657 1382 751 1464 parte
777 1383 944 1464 sectorem,
966 1378 1139 1463 inimicum,
1161 1378 1199 1442 si-

193 1467 316 1533 carium
356 1466 556 1552 eundemque
597 1471 819 1534 accusatorem
857 1465 920 1534 hoc
959 1471 1120 1554 tempore,
1162 1488 1199 1531 ex

193 1555 296 1620 altera
324 1557 418 1640 parte
446 1559 608 1641 egentem,
634 1556 809 1641 probatum
836 1555 903 1621 suis
930 1555 1050 1639 filium,
1077 1557 1112 1621 in
1139 1577 1199 1640 quo
1213 1580 1236 1619 1⁵

191 1665 258 1710 non
280 1644 376 1710 modo
399 1643 495 1728 culpa
516 1644 619 1728 nulla,
641 1644 698 1710 sed
719 1666 760 1709 no
783 1644 923 1730 suspicio
943 1643 1074 1729 quidem
1096 1642 1201 1730 potuit

193 1733 391 1798 consistere?
440 1730 607 1817 Numquid
633 1732 687 1798 hic
714 1733 803 1798 aliud
829 1731 947 1797 videtis
975 1732 1108 1798 obstare
1134 1732 1200 1800 Sea

210 1820 340 1906 Roscio,
361 1820 424 1886 uisi
448 1819 535 1905 quod
556 1819 660 1907 patris
683 1820 770 1886 bona
792 1821 983 1885 venienmt‘?

139 1883 183 1948 53
259 1909 381 1985 Quodsi
406 1909 441 1973 id
467 1931 526 1975 vos
554 1908 717 1993 suscipitis
747 1909 844 1974 etad
867 1930 1031 1974 eamrem
1055 1929 1187 1992 operam

142 1962 191 2010 ¹⁵³
210 2001 355 2064 vestram
373 1997 580 2082 profitemini,
599 1997 627 2062 si
644 1996 764 2063 idcirco
779 1997 907 2082 sedetis,
924 2000 962 2062 ut
977 1996 1018 2061 ad
1032 2018 1091 2062 vos
1107 1997 1203 2062 addu-
1215 2023 1238 2062 u

193 2089 308 2151 cantur
331 2107 443 2152 eorum
465 2085 573 2168 liberi,
596 2106 734 2169 quorum
756 2085 844 2152 bona
870 2084 1057 2169 venierunt,
1085 2087 1204 2169 cavete,

192 2194 251 2258 per
287 2173 363 2239 deos
397 2174 613 2258 immortales,
654 2173 789 2258 iudices,
828 2195 869 2239 no
904 2194 989 2239 nova
1025 2176 1059 2237 et
1100 2173 1204 2238 multo

192 2261 352 2326 crudelior
374 2284 433 2345 per
454 2284 512 2328 vos
535 2261 731 2347 proscriptio
749 2261 933 2327 instaurata
956 2282 1026 2326 esse
1046 2261 1205 2327 videatur.

192 2347 291 2414 Illam
313 2349 463 2435 priorem,
487 2371 569 2435 quac
588 2350 677 2416 facta
695 2353 746 2416 est
763 2350 799 2415 in
817 2372 882 2436 eos,
905 2349 961 2436 qui
978 2371 1071 2414 arma
1090 2371 1205 2436 capere

192 2440 383 2521 potuerunt,
411 2441 521 2503 tamen
548 2441 679 2504 senatus
709 2438 873 2524 suscipere
902 2437 1021 2523 noluit,
1053 2459 1095 2502 ne
1128 2438 1240 2523 quida

192 2524 307 2608 acrius,
331 2546 429 2609 quam
451 2547 541 2591 more
563 2527 723 2592 maiorum
745 2530 968 2611 comparatum
991 2529 1051 2610 est,
1073 2526 1205 2612 publico

193 2613 328 2679 consilio
350 2612 474 2678 factum
497 2614 674 2704 videretur,
702 2615 787 2682 hanc
809 2637 899 2699 vero,
922 2635 1004 2699 quae
1028 2613 1069 2679 ad
1093 2636 1205 2680 eorum

192 2701 314 2767 liberos
341 2704 439 2787 atque
463 2703 503 2767 ad
524 2702 699 2768 infantium
721 2721 896 2789 puerorum
918 2702 1117 2768 incunabula
1136 2725 1205 2787 per·

182 2790 286 2874 tinet,
308 2789 372 2854 nisi
394 2790 457 2855 hoc
479 2790 596 2856 iudicio
620 2815 640 2856 a
661 2791 755 2857 vobis
778 2791 899 2858 reicitis
923 2794 957 2856 et
975 2791 1205 2876 aspamamini,

192 2879 312 2964 videte,
335 2899 393 2964 per
416 2878 492 2944 deos
514 2879 726 2964 immortales,
749 2902 844 2964 quem
867 2880 1032 2945 inlocum
1055 2901 1126 2944 rem
1149 2902 1204 2964 pu·
1217 2904 1240 2944 ro

192 2969 312 3034 blicam
334 2970 563 3053 perventuram
586 2967 720 3051 putetisl

15 3079 17 3092 ’
142 3069 191 3118 154
259 3055 416 3122 Homines
439 3056 602 3142 sapientes
626 3060 659 3121 et
680 3056 746 3122 ista
769 3056 964 3122 auctoritate
987 3059 1021 3120 et
1038 3059 1204 3141 potestate

191 3143 366 3229 praeditos,
389 3167 453 3229 qua
475 3166 533 3211 vos
553 3143 646 3228 estis,
669 3166 708 3209 ex
732 3145 848 3230 quibus
871 3144 968 3210 rebus
988 3143 1131 3210 maxime
1153 3167 1203 3210 res

191 3231 323 3313 publica
340 3231 479 3315 laborat,
497 3233 538 3298 iis
557 3233 697 3298 maxime
715 3233 837 3299 mederi
854 3232 1012 3299 convenit.
1048 3231 1204 3298 Vestrum

191 3338 288 3383 nemo
320 3322 384 3404 cst,
421 3321 500 3406 quin
529 3321 703 3409 intellegat
733 3322 891 3408 populum
919 3321 1117 3406 Romanum,
1149 3321 1204 3406 qui
1219 3347 1241 3388 s

193 3404 356 3486 quondam
396 3407 431 3472 in
470 3408 582 3475 hostes
618 3410 803 3477 lenissimus
840 3410 1103 3489 existimabatur,
1142 3409 1204 3476 hcc

192 3492 339 3574 tempore
359 3492 536 3562 domestica
559 3497 750 3563 crudelitate
773 3499 932 3566 laborare.
977 3498 1073 3566 Hanc
1094 3499 1203 3565 tollite
