2600 3878
111 143 114 152 Ι
175 185 241 251 356
483 181 523 236 IN
544 180 573 236 Ο.
588 181 744 236 VERREM
761 181 841 238 Aer.
860 181 894 238 IL

175 334 209 396 et
225 327 345 395 iudicia
368 347 481 392 severa
502 327 634 411 fiebant,
657 327 699 392 ad
720 328 804 393 hanc
825 327 994 393 hominum
1018 328 1190 395 libidinem

175 440 214 484 ac
239 417 406 482 licentiam
432 437 484 480 me
507 416 640 482 abducis
663 420 710 501 et,
737 417 877 501 inques
900 417 1025 501 aliquid
1047 419 1191 503 exempli

173 506 313 591 populus
332 505 499 570 Romanus
519 505 622 570 statui
643 508 741 590 putat
762 508 921 590 oportere,
943 506 1050 571 abiis
1074 510 1112 571 tu
1137 508 1191 572 de-

174 594 331 659 fensionis
351 594 498 679 exempla
517 593 668 679 quaeris?
705 593 781 659 Non
798 591 890 680 fugio
907 615 949 659 ne
971 594 1033 660 hos
1057 595 1192 679 quidem

174 703 296 766 mores,
329 682 405 747 dum
436 681 532 748 modo
565 703 603 748 ex
634 682 675 746 iis
703 703 755 767 ea,
787 703 870 766 quae
898 683 1018 767 probat
1044 685 1215 768 populosa

175 771 342 836 Romanus
357 771 514 855 exempla,
531 792 599 837 non
617 792 663 854 ea,
682 793 765 854 quae
783 771 985 856 condemnat,
1004 793 1191 856 sequamur.

174 859 251 926 Non
269 859 534 944 circumspiciam,
557 881 624 924 non
642 880 797 943 quaeram
819 859 914 944 foris;
936 860 1042 926 habeo
1064 861 1190 926 iudices

175 953 283 1014 tecum
301 948 463 1034 principes
487 947 638 1032 civitatis,
661 947 697 1012 P.
716 946 889 1013 Servilium
911 951 945 1012 et
963 946 1000 1024 Q.
1018 947 1191 1035 Catulum3

175 1038 232 1120 qui
254 1041 349 1102 tanta
371 1036 566 1101 auctoritate
590 1039 680 1120 sunt,
707 1037 809 1102 tantis
831 1037 929 1102 rebus
953 1037 1069 1122 gestis,
1091 1042 1131 1102 ut
1153 1037 1192 1103 in

173 1126 234 1191 illo
262 1124 563 1209 antiquissimorum
589 1124 905 1210 clarissimorumque
931 1125 1115 1209 hominum,
1148 1126 1191 1193 de
1205 1146 1229 1187 ιο

18 1277 20 1282 ,
122 1222 196 1289 (111)
211 1214 328 1300 quibus
341 1217 437 1278 antea
451 1213 525 1298 dixi,
537 1235 673 1279 numero
687 1218 895 1298 reponantur.
916 1213 1078 1299 Exempla
1091 1236 1191 1298 quae·

175 1304 287 1387 rimus,
310 1304 343 1366 et
361 1323 400 1367 ea
416 1323 483 1366 non
502 1302 645 1386 antiqua.
684 1301 782 1367 Modo
804 1307 941 1387 uterque
963 1325 1075 1368 eorum
1099 1325 1191 1368 exer-

122 1400 173 1450 111
193 1391 294 1457 citum
312 1389 436 1454 habuit
477 1388 610 1474 Quaere,
630 1389 797 1476 Hortensi,
819 1391 973 1474 quoniam
990 1395 1024 1456 te
1041 1391 1192 1457 recentia

174 1477 1053 1634 111111111111111111ῐὲ
1074 1478 1230 1632 cae,

176 1654 332 1720 Servilius
350 1656 605 1740 quinquennium
623 1589 777 1721 erderditm‘
795 1677 868 1722 cum
886 1589 1191 1742 praeessetgelt’ista

175 1745 303 1810 ratione
334 1744 604 1809 innumerabilem
634 1744 805 1829 pecuniam
830 1743 937 1810 facere
964 1767 1037 1811 oum
1064 1749 1190 1831 posset,

175 1854 242 1898 non
273 1832 391 1897 statuit
420 1832 484 1897 sibi
511 1832 683 1917 quicquam
710 1833 820 1917 licere,
842 1833 938 1935 'quod
964 1855 1031 1898 non
1057 1836 1190 1935 patrem
1283 1823 1284 1909 1

175 1943 283 2075 11111
298 1919 1189 2094 tttttuttttttettttttttttz
1203 2031 1230 2071 ,ο
1279 1995 1283 2070 2

175 2097 298 2182 pediat,
320 2096 355 2160 id
376 2097 473 2162 licere
496 2096 604 2163 dicat?
634 2097 721 2182 quod
742 2119 837 2162 nemo
859 2099 925 2163 nisi
946 2098 1115 2184 improbus
1138 2098 1188 2163 fe·
1282 2071 1283 2125 1

176 2186 270 2269 cerit,
292 2185 327 2249 id
350 2185 489 2250 aliorum
512 2185 660 2269 exemplo
683 2207 718 2251 se
740 2186 856 2251 fecisse
878 2186 1052 2252 defendat?
1281 2207 1282 2240 1

123 2273 165 2338 91
242 2273 290 2336 At
316 2273 351 2335 in
375 2271 486 2338 Sicilia
512 2274 698 2340 factitatum
726 2278 785 2340 est.
825 2273 914 2350 Quae
942 2280 992 2340 est
1018 2275 1085 2340 ista
1109 2296 1187 2340 con·

176 2360 259 2426 dicio
288 2359 439 2426 Siciliae?
471 2384 540 2448 cur,
573 2385 655 2448 quae
685 2362 809 2448 optimo
836 2363 907 2429 iure
932 2367 1067 2447 propter
1093 2367 1187 2428 vetu-

177 2453 310 2533 statem,
339 2448 544 2535 fidelitatem,
571 2451 848 2536 propinquitatem
876 2473 946 2516 esse
974 2451 1082 2536 debet,
1108 2450 1187 2517 huic
1202 2472 1228 2513 25

123 2552 174 2603 212
193 2537 366 2622 praecipua
384 2539 437 2603 lex
454 2539 591 2604 iniuriae
610 2539 783 2605 definitur?
815 2538 879 2605 Sed
900 2540 935 2605 in
956 2540 1029 2625 ipsa
1050 2540 1116 2604 ista
1136 2538 1187 2605 Si-

175 2627 252 2692 cilia
264 2648 331 2691 non
344 2648 498 2711 quaeram
512 2628 696 2712 exemplum
708 2627 803 2712 foris,
821 2629 884 2695 hoc
898 2629 970 2714 ipso
990 2651 1028 2694 ex
1047 2627 1185 2694 consilio

175 2719 251 2780 utar
274 2715 439 2800 exemplis
480 2714 514 2781 O.
533 2713 699 2800 Marcelle,
721 2719 756 2780 te
779 2718 918 2802 appello.
960 2715 1089 2783 Siciliae
1111 2739 1187 2803 pro·

174 2804 312 2888 vinciae,
336 2827 409 2868 cum
432 2825 519 2869 esses
541 2825 601 2888 pro
625 2805 770 2890 consule,
793 2805 977 2890 praefuisti;
998 2828 1077 2871 num
1101 2827 1186 2889 quae

174 2894 210 2957 in
236 2896 293 2957 tuo
317 2892 453 2977 imperio
474 2892 631 2977 pecuniae
653 2894 754 2959 cellae
775 2895 906 2960 nomine
928 2898 1060 2960 coactae
1084 2895 1185 2959 sunt?
1199 2914 1226 2954 eo

174 2980 288 3065 Neque
307 3002 369 3066 ego
387 2980 450 3045 hoc
467 2980 503 3044 in
520 2984 578 3046 tua
596 2982 691 3046 laude
709 3004 809 3067 pon03
832 2983 897 3049 alia
917 2987 993 3048 sunt
1014 2987 1073 3048 tua
1094 2982 1187 3049 facta

175 3073 273 3153 atque
300 3069 437 3134 consilia
464 3091 591 3135 summa
618 3069 714 3135 laude
741 3070 851 3157 digna,
881 3071 999 3156 quibus
1025 3071 1120 3136 illam
1147 3075 1186 3136 tu
1277 3075 1278 3156 t

174 3157 375 3242 provinciam
408 3157 571 3223 adflictam
603 3161 636 3222 et
665 3159 825 3242 perditam
854 3160 985 3226 erexisti
1012 3163 1110 3244 atque
1136 3181 1185 3225 re
1277 3165 1278 3203 l

175 3245 306 3328 creasti3
328 3253 405 3308 nam
427 3244 490 3311 hoc
513 3247 551 3310 de
575 3247 657 3311 cella
678 3267 720 3310 ne
737 3246 877 3332 Lepidus
901 3249 1030 3332 quidem
1051 3247 1185 3332 fecerat,

174 3332 226 3395 cui
251 3335 288 3395 tu
315 3333 507 3397 successisti.
550 3333 638 3409 Quae
666 3338 742 3399 sunt
763 3336 826 3400 tibi
848 3337 951 3423 igitur
973 3337 1122 3422 exempla
1145 3359 1185 3402 ex
1198 3352 1222 3395 ³⁵
1276 3413 1277 3419 ἵ

174 3415 286 3481 Sicilia
304 3418 415 3503 cellae,
439 3421 467 3482 si
485 3421 547 3486 hoc
565 3423 687 3486 crimen
708 3444 775 3487 non
796 3426 893 3490 modo
916 3425 1064 3491 Marcelli
1085 3426 1184 3511 facto,

120 3502 248 3566 erased
274 3525 316 3567 ne
337 3503 452 3589 Lepidi
480 3509 607 3589 quidem
634 3513 729 3594 potes
753 3510 944 3580 defendere?
990 3513 1046 3579 An
1066 3535 1120 3580 me
1143 3515 1185 3581 ad
