2622 3884
332 188 400 246 me.
419 191 460 246 111
492 189 569 246 oAP.
590 197 633 260 er,
652 196 685 246 es
699 197 719 258 s
738 197 887 246 ras-aas.
1049 191 1113 256 363

99 333 352 419 magistratibus
371 337 405 400 et
422 334 542 421 legatis
565 335 751 420 imperetur,
775 335 853 420 quid
876 339 933 401 aut
956 340 1114 421 quantum

98 425 271 506 praeterea
303 426 366 506 est,
399 423 486 508 quod
518 427 575 489 aut
606 424 746 489 liberum
777 424 884 509 possit
910 424 1030 491 habere
1057 425 1114 489 ille

100 514 210 576 arator
234 534 275 577 ae
297 511 447 577 dominus
470 512 505 576 in
527 515 691 596 potestate
715 534 847 578 suorum
869 512 1034 579 fruetuum
1058 516 1115 579 aut

98 599 133 663 in
145 599 226 683 ipsis
241 587 403 665 fructibus
419 601 584 666 solutum?
618 600 739 677 Quodsi
753 602 833 666 haee
850 601 960 668 ferrmt
979 601 1097 686 omnia,
1115 613 1167 664 228

72 687 128 751 ssi
145 687 259 771 potius
278 688 372 753 vobis
391 710 429 754 ae
447 689 495 754 rei
512 689 778 774 publicae-quam
797 689 861 754 sibi
884 694 916 754 et
939 690 1006 755 suis
1030 712 1115 756 oom-

98 776 204 842 modis
224 799 334 861 opera,
359 781 501 863 sumptu,
524 779 637 843 labore
657 778 851 862 deserviunt,
875 778 1016 843 etiamne
1034 779 1115 844 haee

97 887 183 930 nova
212 865 334 930 debent
362 866 467 932 edicta
494 869 527 932 et
553 865 690 950 imperia
717 869 905 951 praetorum
933 870 966 930 et
988 863 1115 950 Aproni

100 952 359 1019 dominationem
382 959 415 1020 et
431 953 647 1020 Veneriorum
671 976 837 1020 servorum
859 953 948 1022 furta
970 955 1114 1038 rapinas·

100 1063 160 1125 que
178 1041 278 1127 ferre,
301 1043 442 1108 etiamne
459 1043 660 1108 frumentum
682 1064 742 1128 pro
766 1045 877 1128 empto
900 1042 1005 1128 gratis
1029 1042 1115 1125 dare,

60 1148 86 1188 ιο
99 1130 252 1216 etiamne,
275 1131 311 1195 in
329 1132 445 1196 cellam
464 1154 537 1197 oum
559 1131 691 1216 cupiant
715 1131 818 1217 gratis
842 1131 928 1215 dare,
950 1131 1038 1195 ultro
1061 1151 1114 1214 pe·

99 1219 229 1284 cuniam
250 1219 408 1306 grandem
431 1220 557 1305 addere,
580 1221 720 1286 'etiamne
743 1220 823 1284 haee
845 1222 897 1284 tot
919 1218 1115 1284 detrimenta

100 1310 199 1391 atque
214 1309 424 1374 domnacum
442 1309 592 1374 maximis
610 1307 737 1374 iniuriis
756 1307 1024 1392 contumeliisque
1043 1328 1115 1391 per-

99 1395 207 1461 ferre?
254 1395 371 1481 Itaque
400 1397 493 1481 haee,
524 1396 659 1482 indicae,
692 1417 774 1481 quae
801 1396 872 1481 pati
897 1397 990 1462 nullo
1017 1395 1114 1460 modo

99 1488 290 1570 potuerunt,
311 1507 379 1551 non
396 1486 609 1570 pertulerunt.
645 1483 819 1550 Arationes
843 1507 955 1551 omnes
978 1488 1050 1550 tota
1068 1482 1115 1549 Si-

62 1591 87 1632 15
101 1573 177 1639 eilia
210 1574 357 1639 desertas
390 1578 487 1658 atque
519 1597 540 1639 a
571 1573 709 1639 dominis
741 1573 873 1639 relictas
900 1595 972 1638 esse
999 1594 1116 1659 eogno-

103 1661 206 1746 scitis,
235 1683 340 1747 neque
368 1663 541 1747 quiequam
564 1662 654 1729 aliud
676 1661 786 1748 agitur
808 1661 870 1726 hoo
892 1661 1024 1746 iudicio,
1051 1660 1117 1726 nisi

101 1750 150 1815 uti
187 1750 410 1835 antiquissimi
446 1751 526 1816 soeii
562 1755 595 1815 et
628 1749 822 1834 fidelissimi,
860 1747 974 1834 Siculi,
1009 1749 1117 1814 coloni

101 1839 219 1924 populi
245 1839 386 1905 Romani
418 1843 515 1925 atque
548 1843 707 1923 aratores,
739 1841 849 1905 vestra
881 1837 1053 1903 severitate
1083 1839 1117 1902 et

103 1927 277 2015 diligentia
303 1950 355 1993 me
382 1928 461 1994 duee
489 1931 586 2012 atque
615 1931 745 1994 auetore
772 1927 807 1992 in
835 1947 931 2012 agros
960 1929 1059 2010 atque
1082 1925 1117 1989 in

64 2034 90 2074 20
104 2017 196 2083 sedes
222 2038 298 2082 suas
320 2019 534 2083 revertantur.

364 2356 412 2429 M.
441 2354 585 2428 TULLI
612 2352 859 2428 CICERONIS

123 2499 366 2590 aerleius
398 2501 455 2586 IN
488 2501 531 2586 Ο.
564 2499 785 2587 VERREM
818 2497 1096 2587 SECUNDAE

460 2639 571 2694 arena
589 2637 768 2707 quaeras,

298 2740 375 2819 QUI
397 2737 678 2807 INSORIBIEUR
699 2737 758 2804 DE
784 2737 933 2805 SIGNIS.

431 2967 795 3035 ARGUMENTUM.

178 3075 242 3131 Hoo
264 3073 337 3128 libro
362 3073 549 3128 accusationis
572 3075 670 3142 quarto
690 3070 836 3126 aecusator
852 3066 1029 3148 persequitur
1046 3067 1122 3123 furta
1230 3079 1233 3084 ·

108 3149 137 3204 et
149 3143 293 3202 maleficia
306 3159 324 3198 a
339 3143 367 3199 0.
378 3143 465 3200 Verre
482 3143 512 3198 in
530 3142 688 3199 auferendis
708 3140 803 3212 signis,
822 3138 927 3196 tabulis
944 3137 1029 3209 pietrs
1048 3141 1121 3194 oete-

106 3219 202 3288 risque
217 3215 391 3272 ornamentis
405 3217 468 3271 tota
483 3214 580 3270 Sicilia
599 3211 756 3269 commissa,
787 3211 821 3266 In
839 3209 940 3280 quibus
957 3209 1040 3264 rebus
1059 3225 1121 3291 exe·

108 3288 228 3359 quendis
248 3289 343 3343 orator
360 3287 416 3342 hoo
435 3284 532 3341 ordine
550 3285 651 3353 utitur,
675 3284 707 3338 ut
724 3281 847 3353 primum
864 3279 1011 3362 hominum
1027 3298 1123 3352 prrva·

107 3363 216 3428 torum,
249 3356 351 3412 deinde
383 3356 552 3428 oppidorum
583 3358 613 3411 et
643 3355 772 3409 fanorum
804 3351 1006 3426 expoliationes
1038 3353 1122 3421 atque

108 3430 282 3503 direptiones
302 3429 439 3484 ostendat.
