2564 3876
171 190 211 254 18
439 185 510 240 PRO
529 185 559 240 P.
574 183 747 250 QUINCTIO
766 182 910 238 ORATIO.

168 334 328 398 bonorum
350 329 502 394 instituto
525 329 648 410 vivere,
670 328 775 392 multa
798 330 930 412 oportet
953 327 1059 391 discat
1082 330 1177 412 atque

169 420 325 503 dediscat,
349 438 486 501 quorum
508 417 560 481 illi
583 418 683 481 aetati
706 421 879 499 utrumque
902 414 1034 479 difficile
1059 418 1119 479 est.

2 555 3 560 η
119 507 159 571 18
236 507 324 572 ‘Non
346 504 513 589 dubitavi',
536 505 653 590 inquit,
676 504 759 569 ‘cum
773 504 995 568 vadimonium
1015 503 1179 568 desertum

169 599 268 679 esset,
298 596 384 659 bona
410 592 632 677 proscribere?
676 592 844 677 Improbe3
870 613 995 675 verum,
1024 592 1180 675 quoniam

169 688 205 749 tu
232 684 267 748 id
295 683 356 748 tibi
385 703 521 768 arrogas
549 685 582 746 et
609 681 739 747 concedi
766 682 930 766 postulas,
957 681 1205 746 concedamus.⁵

169 771 262 856 Quid,
286 771 313 837 si
331 793 509 854 numquam
533 769 684 853 deseruit,
707 769 735 833 si
758 770 825 833 ista
848 789 944 834 causa
967 769 1026 832 abs
1050 773 1084 833 te
1108 773 1182 834 tota

169 883 228 946 per
255 882 416 925 summam
442 859 589 923 fraudem
618 861 651 923 et
674 857 835 922 malitiam
858 857 934 922 ficta
957 860 1016 940 est,
1039 857 1069 921 si
1092 857 1182 922 vadi·

171 950 314 1014 monium
333 947 464 1013 omnino
483 947 545 1010 tibi
564 969 637 1012 cum
651 947 686 1011 P.
697 945 847 1021 Quinctio
866 946 993 1010 nullum
1011 943 1094 1010 fuit?
1117 967 1181 1030 quo

170 1041 203 1102 te
222 1037 351 1103 nomine
373 1035 595 1121 appellemus?
618 1034 830 1118 Improbum?
854 1032 900 1098 At
923 1033 1052 1098 etiamsi
1076 1033 1183 1098 deser-

170 1130 241 1192 tum
263 1125 484 1191 vadimonium
503 1126 602 1206 esset,
624 1126 734 1187 tamen
756 1122 792 1186 in
813 1122 878 1186 ista
900 1122 1125 1206 postulatione
1148 1126 1182 1187 εὴ
1197 1140 1221 1180 10
1277 1188 1278 1191 ,

171 1213 407 1300 proscriptione
416 1214 576 1277 bonorum
585 1210 847 1295 improbissimus
856 1210 1068 1294 reperiebare.
1087 1210 1183 1276 Mali-

170 1302 313 1367 tiosam?
342 1299 417 1364 Non
443 1320 553 1384 negas
594 1299 872 1364 Fraudulentum?
899 1297 969 1362 lam
992 1298 1025 1362 id
1049 1299 1182 1383 quidem

171 1409 306 1474 arrogas
325 1387 387 1452 tibi
406 1391 438 1451 et
456 1388 660 1471 praeclarum
677 1391 783 1472 putas.
820 1386 994 1468 Audacem,
1017 1387 1183 1472 cupidum,

170 1476 400 1563 perfidiosum?
415 1474 575 1560 Vulgaria
589 1479 622 1540 et
636 1476 786 1541 obsoleta
800 1479 889 1556 sunt3
902 1497 955 1540 res
970 1479 1080 1542 autem
1094 1497 1183 1542 nova

119 1579 151 1630 tr
171 1569 268 1648 atque
287 1564 440 1632 inaudita
478 1563 562 1639 Quid
582 1585 660 1649 ergo
683 1565 755 1628 est?
777 1562 902 1628 Vereor
924 1563 1117 1647 mehercule,
1140 1586 1183 1629 ne
1197 1581 1223 1622 1⁵

171 1658 228 1719 aut
256 1652 460 1739 gravioribus
488 1657 563 1717 utar
590 1652 712 1736 verbis,
744 1673 842 1736 quam
869 1655 988 1716 natura
1013 1651 1093 1735 fert,
1124 1657 1183 1718 aut

170 1742 357 1825 levioribus,
376 1762 473 1824 quam
492 1762 589 1807 eausa
606 1740 762 1826 postulat.
790 1739 850 1804 Ais
869 1761 939 1805 esse
957 1740 1183 1806 vadimonium

171 1830 343 1895 desertum.
388 1829 556 1905 Quaesivit
583 1851 603 1893 a
630 1832 676 1911 te,
704 1829 816 1894 statim
845 1832 882 1892 ut
906 1827 1046 1893 Romam
1073 1830 1183 1912 rediit,

171 1917 354 1999 Quinctius,
382 1941 445 2002 quo
469 1917 520 1982 die
543 1917 764 1982 vadimonium
786 1917 871 1981 istuc
893 1917 1018 1983 factum
1041 1939 1111 1982 esse
1136 1918 1183 1982 di-

172 2029 269 2073 ceres.
309 2005 519 2090 Respondisti
540 2005 665 2070 statim:
688 2005 793 2070 Nouis
812 2003 904 2069 Febr.
945 2005 1122 2070 Discedens
1146 2006 1183 2071 in
1197 2025 1224 2064 ro

171 2095 363 2160 memoriam
381 2094 465 2159 redit
483 2092 666 2174 Quinctius,
689 2115 753 2178 quo
777 2093 828 2157 die
851 2093 956 2158 Roma
978 2093 1013 2158 in
1036 2093 1183 2159 Galliam

170 2182 335 2266 profectus
350 2181 407 2266 sit,
421 2183 462 2246 ad
476 2181 713 2266 ephemeridem
727 2181 916 2264 revertitur3
934 2181 1098 2246 invenitur
1112 2183 1183 2248 dies

170 2269 382 2355 profectionis
409 2269 512 2354 pridie
535 2268 609 2333 Kal.
632 2268 725 2335 Febr.
765 2268 870 2334 Nonis
892 2269 986 2336 Febr.
1005 2270 1032 2334 si
1056 2270 1183 2336 Romae

170 2356 247 2440 fuit,
270 2378 385 2422 causae
404 2358 488 2422 nihil
507 2357 656 2441 dicimus,
679 2356 758 2442 quin
779 2358 843 2422 tibi
864 2359 1085 2424 vadimonium
1108 2382 1184 2444 pro-

118 2459 153 2509 58
171 2445 307 2510 miserit.
339 2442 445 2520 Quid?
468 2445 531 2510 hoc
546 2445 687 2511 inveniri
705 2447 761 2530 qui
778 2447 910 2531 potest?
941 2446 1111 2512 Profectus
1130 2452 1184 2514 est
1197 2465 1225 2508 rs

171 2555 236 2600 una
253 2531 289 2598 L.
298 2533 426 2618 Albius,
448 2534 547 2599 horno
566 2555 639 2599 cum
657 2534 771 2619 primis
789 2535 959 2620 honestus,
983 2535 1067 2600 dicet
1090 2539 1184 2602 testi-

171 2622 325 2687 monium.
353 2620 521 2687 Prosecuti
536 2624 612 2686 sunt
625 2622 803 2687 familiares
817 2627 850 2688 et
861 2623 995 2690 Albium
1014 2627 1047 2689 et
1065 2623 1183 2700 Quino-

171 2711 268 2794 tium,
305 2709 413 2776 dicent
447 2711 484 2774 hi
520 2731 647 2794 quoque
680 2711 915 2776 testimonium.
968 2711 1114 2779 Litterae
1147 2715 1182 2779 P.

172 2798 315 2883 Quincti,
342 2802 443 2866 testes
471 2801 535 2882 tot,
563 2798 680 2882 quibus
706 2799 856 2864 omnibus
879 2821 977 2865 causa
999 2801 1184 2868 iustissima

172 2890 236 2971 est,
263 2908 319 2954 our
344 2887 426 2952 scire
448 2887 628 2972 potuerint,
654 2888 759 2971 nulla,
787 2909 844 2953 cur
866 2888 1080 2974 mentiantur,
1108 2913 1183 2956 cum
1197 2909 1225 2950 eo

172 2976 409 3060 adstipulatore
428 2978 485 3040 tuo
508 2977 791 3060 comparabuntur.

121 3076 153 3128 te
238 3064 283 3129 Et
304 3064 339 3128 in
361 3063 423 3128 hac
446 3064 515 3128 eius
538 3064 626 3128 modi
649 3085 746 3129 causa
768 3063 803 3128 P.
821 3062 990 3138 Quinctius
1014 3065 1183 3132 laborabit

173 3155 206 3217 et
220 3152 341 3217 diutius
359 3152 394 3216 in
412 3155 505 3216 tanto
525 3156 614 3216 metu
632 3152 731 3217 miser
747 3151 955 3236 periculoque
973 3155 1183 3222 versabitur?

159 3243 206 3322 et
220 3240 442 3305 vehementius
457 3262 530 3304 eum
545 3241 653 3325 gratia
666 3240 845 3305 adversarii
857 3241 1063 3327 perterrebit,
1083 3266 1182 3328 quam

172 3327 252 3392 fides
275 3327 389 3392 iudicis
413 3327 656 3393 consolabitur?
683 3328 776 3394 Vixit
799 3329 884 3392 euim
908 3351 1036 3414 semper
1057 3331 1183 3398 inculte
1196 3351 1223 3392 er

173 3417 271 3496 atque
289 3414 434 3500 horride;
455 3419 574 3480 natura
592 3415 681 3480 tristi
704 3437 742 3480 ac
764 3416 929 3481 recondita
950 3416 1029 3501 fuit;
1051 3441 1119 3485 non
1142 3422 1184 3486 ad

174 3501 339 3584 solarium,
356 3523 423 3566 non
439 3503 475 3566 in
494 3525 617 3587 campo,
638 3524 703 3568 non
721 3504 756 3568 in
773 3504 930 3569 conviviis
949 3510 1098 3572 versatus
1119 3513 1184 3589 est3
