2524 3876
380 201 457 257 car.
476 209 519 271 44,
538 209 572 260 rs
591 209 606 271 a
626 210 773 260 rar-raa.
1037 206 1080 274 73

67 363 165 408 suum
184 345 326 411 voluerit
349 347 507 432 conferre,
534 347 618 413 nihil
640 349 759 435 egerit,
784 370 880 415 nemo
908 353 959 415 ast
985 350 1081 436 enim,

66 431 125 516 qui
148 433 274 499 nesciat
291 439 427 520 propter
444 436 702 523 magnitudinem
718 459 826 503 rerum
840 438 945 504 multa
958 439 1081 504 multos

58 521 186 602 partim
207 524 312 602 invito,
334 524 457 609 partim
478 524 683 611 imprudente
705 524 740 591 L.
759 524 852 592 Sulla
869 527 1079 593 commisisse.

63 608 183 675 Placet
208 609 311 698 igitur
332 612 368 677 in
390 612 441 678 his
465 613 561 698 rebus
585 614 709 699 aliquid
730 614 949 698 imprudentia
971 637 1061 700 prae·
1082 627 1132 678 131

35 697 185 763 ⁵teriri‘?
229 697 306 766 Non
327 701 445 786 placet,
467 701 598 786 iudices,
620 702 677 768 sed
698 724 828 768 necesse
851 707 910 769 est.
949 702 1082 770 Etenim

65 785 96 850 si
118 784 270 872 Iuppiter
297 789 440 875 optimus
468 791 642 875 maximus,
669 791 759 856 ouius
781 795 864 857 nutu
887 795 920 857 ct
943 792 1079 858 arbitrio

64 874 205 960 caelum,
220 879 309 941 terra
323 878 490 963 mariaque
503 883 670 966 reguntur,
687 900 782 964 saepe
796 879 1081 946 ventisvehemen-

63 963 208 1029 tioribus
223 968 280 1030 aut
293 965 515 1033 immoderatis
528 968 780 1053 tempestatibus
795 972 852 1034 aut
861 968 962 1034 nimio
972 969 1080 1034 calore
1201 1007 1203 1011 ·

66 1055 126 1116 aut
140 1051 342 1118 intolerabili
355 1054 478 1142 frigore
490 1054 679 1122 hominibus
696 1055 817 1140 nocuit,
834 1057 932 1122 urbas
951 1056 1080 1136 delevit,

23 1159 49 1197 10
66 1139 181 1227 fruges
207 1141 362 1228 perdidit,
393 1166 531 1229 quorum
559 1143 644 1210 nihil
674 1144 810 1228 pernicii
841 1166 939 1211 causa
970 1144 1079 1210 divino

64 1229 218 1315 consilio,
251 1230 308 1298 sed
334 1232 368 1297 vi
395 1231 469 1317 ipsa
500 1236 533 1298 ct
564 1233 789 1320 magnitudine
820 1255 929 1299 rerum
955 1234 1080 1300 factum

63 1321 235 1404 putamus,
258 1322 294 1384 at
316 1324 431 1386 contra
453 1321 633 1406 commoda,
659 1321 776 1406 quibus
803 1323 940 1406 utimur,
963 1322 1080 1388 lucem·

64 1428 143 1491 que,
166 1429 232 1492 qua
253 1406 405 1493 fruimur,
427 1409 655 1495 spiritumque,
679 1431 774 1495 quem
798 1409 954 1494 ducimus,
976 1411 1017 1476 ab
1041 1429 1080 1475 eo

63 1495 163 1560 nobis
192 1495 263 1561 dari
294 1500 392 1581 atque
423 1497 585 1582 impertiri
613 1498 774 1581 videmus,
806 1499 883 1583 quid
914 1499 1080 1577 miramur,

22 1583 203 1669 uindices,
228 1583 265 1650 L.
288 1581 427 1670 Sullam,
454 1608 527 1652 oum
554 1587 644 1653 solus
671 1608 741 1653 rem
763 1587 928 1671 publicam
951 1591 1080 1672 regeret

63 1672 245 1757 orbemque
258 1676 420 1740 terrarum
440 1675 637 1761 gubernaret
654 1674 845 1760 imperiique
864 1675 1078 1758 maiestatem,

63 1783 167 1845 quam
199 1761 298 1827 armis
332 1767 511 1849 receperat,
547 1764 677 1850 legibus
713 1763 932 1848 confirmaret,
969 1762 1080 1847 aliqua

63 1848 325 1916 animadvertere
337 1873 404 1917 non
416 1851 583 1937 potuisse?
605 1851 670 1916 nisi
687 1849 750 1918 hoo
768 1851 887 1916 mirum
910 1854 970 1935 est,
993 1850 1079 1935 quod

61 1938 115 2003 vis
146 1937 255 2004 divina
282 1938 417 2025 adsequi
441 1962 509 2006 non
539 1940 658 2026 possit,
688 1940 717 2005 si
747 1939 781 2004 id
812 1960 904 2005 mens
936 1938 1079 2003 humana

20 2044 48 2084 2⁰
63 2027 187 2111 adepta
207 2049 275 2092 non
297 2027 349 2092 eit.
393 2027 517 2094 Verum
540 2032 576 2093 ut
597 2028 678 2094 haec
700 2027 801 2094 missa
823 2027 951 2112 faciam,
978 2048 1061 2112 quae
1081 2055 1133 2104 132

61 2115 132 2180 iam
155 2114 244 2181 facta
267 2119 353 2201 sunt,
377 2138 416 2181 ex
438 2116 493 2200 iis,
515 2138 598 2201 quae
619 2137 705 2182 nuno
728 2138 802 2182 cum
824 2117 965 2182 maxime
986 2115 1079 2199 fiunt,

61 2203 1079 2379 {itttttttdttltttiluttntltttl

61 2381 164 2447 Rosci
184 2402 305 2446 nomen
323 2381 530 2447 deferendum
549 2381 675 2448 curavit
698 2381 773 2462 [hoc
792 2380 969 2466 iudicium],
988 2382 1078 2448 cuius

22 2484 48 2525 ²⁵
61 2469 201 2536 honoris
224 2489 322 2535 causa
344 2491 495 2536 accusare
518 2491 553 2536 se
576 2469 658 2534 dixit
679 2468 817 2535 Erucius
841 2518 924 2536 ....

389 2558 526 2688 [mit
545 2579 609 2626 coc
625 2560 751 2686 pauca]

130 2734 172 2800 In
198 2734 270 2801 rico
297 2733 497 2818 Pallacinae]
524 2690 638 2817 cobis,
669 2733 723 2799 ubi
749 2739 911 2800 cenaverat
939 2734 1078 2802 Βοεσίαε.

71 2858 106 2871 -
131 2822 275 2889 Maxime
297 2825 429 2906 metuit]
452 2824 576 2891 Sullam
597 2823 718 2889 reddet
741 2857 783 2869 -
807 2822 945 2888 Derivat
967 2827 1078 2888 tamen

64 2916 99 2977 et
126 2910 175 2976 ait
203 2913 251 2993 se]
278 2913 385 2978 idest
409 2913 611 2996 mepiaoaem
636 2931 727 2978 suam
753 2912 789 2977 in
820 2913 920 2977 alium
951 2912 1078 2976 deducit.

22 3025 49 3065 ao
62 2999 136 3066 Hoc
167 3002 251 3066 enim
277 3002 395 3068 dicebat
421 3000 652 3085 Cariniana.-
684 2997 873 3082 ‘Nonquia
901 3000 1005 3077 imai,
1037 3018 1076 3064 aa

61 3087 342 3156 meliorarentur
364 3090 444 3156 bono
460 3089 575 3168 Roscii,
597 3089 664 3155 ideo
686 3089 752 3153 aas
767 3089 898 3169 praetia
920 3087 1077 3170 dicebaut,

60 3178 117 3244 sed
137 3179 214 3261 quia
235 3179 445 3261 aedificatam,
467 3180 504 3245 in
531 3179 732 3245 Veientanum
753 3177 820 3242 iiico
846 3177 882 3240 de
903 3175 953 3241 tia
976 3179 1077 3241 trane·

60 3263 142 3332 aui?
174 3302 213 3314 -
242 3265 343 3333 Manu
374 3267 508 3371 praedia
538 3265 693 3385 praediis]
725 3263 882 3366 Praedia,
914 3265 1077 3380 mensione,

21 3467 47 3510 i
60 3355 519 3531 debilitabit.
543 3355 661 3530 iiiii
675 3353 913 3524 traditi
922 3354 1077 3526 aba.

61 3533 108 3598 ta
131 3531 321 3617 &naamani
342 3534 495 3601 invidiam
515 3533 605 3616 facit,
628 3536 664 3596 at
685 3535 837 3596 mameret
857 3531 983 3614 inputa
1003 3533 1076 3600 deii·
