2604 3880
174 191 238 254 142
468 187 508 244 IN
527 186 556 244 Ο.
571 186 725 242 VERREM
742 187 875 244 10111.

171 333 252 398 mihi
270 355 351 418 opus
370 335 464 416 esset,
487 336 744 418 cognosceretur,
767 333 844 418 quid
863 353 924 418 ego
946 333 981 398 in
1003 334 1064 400 hac
1087 357 1177 400 accu-

171 422 297 487 satione
317 421 535 506 comparanda
557 421 845 504 constituendaque
868 421 1101 507 elaborassem,
1123 445 1176 504 ve-

171 513 240 576 stra
270 531 347 575 1010
379 510 450 574 10110
483 509 589 574 tenuis
616 510 712 593 plane
740 513 838 594 atque
865 509 1016 595 obscura,
1046 511 1177 596 iudices,
1290 575 1291 580 ,

135 601 266 663 cesset.
307 596 421 684 Neque
439 598 501 662 hoc
520 620 540 662 0
561 597 654 662 vobis
676 598 817 682 populus
839 597 1005 664 Romanus
1029 603 1177 684 expectat

169 707 274 770 neque
293 707 331 750 eo
350 689 459 770 potest
477 707 547 750 esse
565 689 746 769 contentus,
769 687 797 750 si
818 685 1050 753 condemnatus
1074 688 1117 752 sit
1139 688 1203 772 is,⁵

172 775 227 858 qui
254 774 368 839 adesse
389 774 544 858 noluerit,
572 778 606 838 et
628 774 657 838 si
679 774 781 839 fortes
803 773 930 839 fueritis
953 775 988 839 in
1011 797 1058 860 eo,
1081 798 1176 862 quem

170 884 265 927 nemo
290 862 334 926 sit
356 884 453 927 ausus
478 861 654 927 defendere.
694 861 800 927 Immo
823 884 900 928 vero
924 863 1023 948 adsit,
1047 885 1177 948 respon-

171 951 259 1035 deat,
282 951 417 1014 summis
441 950 569 1034 opibus,
593 971 719 1014 summo
743 951 850 1016 studio
873 952 1176 1035 potentissimorum

170 1039 340 1105 hominum
354 1037 552 1122 defendatur,
570 1042 673 1102 certet
686 1060 759 1103 mea
772 1039 944 1124 diligentia
957 1062 1031 1105 cum
1043 1040 1177 1106 illorum

171 1128 316 1192 omnium
347 1125 536 1210 cupiditate,
567 1129 677 1190 vestra
705 1127 878 1212 integritas
907 1149 980 1192 cum
1007 1128 1096 1194 illius
1125 1151 1177 1213 pe·
1191 1159 1218 1198 10

171 1216 273 1298 cunia,
296 1214 430 1278 testium
447 1214 632 1279 constantia
650 1237 723 1280 cum
741 1215 830 1280 illius
849 1218 1061 1300 patronorum
1080 1217 1177 1282 minis

172 1308 269 1388 atque
281 1302 442 1386 potentia,
456 1305 526 1366 tum
540 1302 668 1367 demum
679 1303 739 1367 illa
753 1303 863 1368 omnia
875 1303 963 1369 victa
976 1304 1178 1390 videbuntur,
1290 1303 1291 1306 '

135 1402 244 1457 rcum
271 1389 306 1454 in
337 1390 577 1455 contentionem
610 1395 837 1474 certamenque
867 1393 1029 1477 venerint3
1061 1393 1177 1458 absens

171 1480 200 1544 si
217 1479 281 1543 iste
300 1482 385 1542 esset
404 1478 584 1562 damnatus,
606 1500 673 1543 non
691 1483 760 1544 tam
778 1479 843 1545 sibi
861 1481 1060 1545 consuluisse
1080 1503 1178 1565 quam

132 1562 324 1632 2invidisse
350 1571 477 1631 1001100
504 1567 594 1631 1011111
619 1567 792 1632 videretur.
836 1566 950 1653 Neque
977 1569 1063 1633 enim
1088 1570 1178 1634 salus
1193 1597 1217 1638 11

172 1656 242 1720 ulla
268 1655 316 1719 rei
342 1655 492 1738 publicae
520 1655 625 1720 maior
651 1655 713 1720 hoc
735 1659 881 1740 tempore
904 1657 1039 1740 reperiri
1059 1661 1179 1742 potest,

174 1766 272 1828 quam
282 1744 439 1828 populum
449 1742 633 1808 Romanum
651 1743 841 1829 intellegere
860 1744 1033 1831 diligenter
1050 1745 1178 1811 reiectis

174 1832 215 1898 ab
243 1835 430 1897 accusatore
456 1831 615 1896 iudicibus
643 1831 762 1916 socios,
789 1833 891 1918 leges,
919 1834 1179 1917 rempublicam

174 1920 337 1987 senatorio
357 1920 492 1984 consilio
516 1921 655 1985 maxime
677 1941 773 2005 posse
797 1920 936 2005 defendi,
958 1943 1062 2007 neque
1084 1926 1179 1987 tanta

172 2008 314 2075 fortunis
337 2007 481 2073 omnium
503 2009 661 2090 pernicies
683 2011 794 2093 potest
816 2009 968 2094 accidere,
992 2032 1089 2095 quam
1113 2010 1178 2094 opi·
1192 2037 1220 2078 ro

171 2097 268 2161 nione
295 2097 408 2179 populi
431 2095 570 2161 Romani
595 2095 756 2162 rationem
778 2097 941 2181 veritatis,
968 2098 1179 2184 integritatis,

75 2238 76 2243 ,
137 2185 256 2268 1111101,
278 2184 446 2269 religionis
466 2184 506 2248 ab
525 2183 588 2248 hoe
606 2183 718 2249 ordine
739 2185 925 2250 abiudicari.
960 2185 1075 2269 Itaque
1098 2187 1180 2250 mihi

172 2273 296 2354 videor,
319 2271 453 2354 iudices,
475 2292 630 2356 magnam
649 2275 682 2336 et
705 2273 845 2338 maxime
868 2295 1000 2359 aegram
1023 2277 1056 2338 01
1078 2297 1180 2359 prope

173 2361 353 2445 depositam
371 2358 419 2423 rei
437 2358 587 2440 publicae
605 2363 732 2442 partem
756 2362 934 2446 suscepisse
956 2383 1060 2445 neque
1082 2363 1117 2426 in
1141 2384 1180 2428 eo

172 2449 277 2534 magis
297 2469 387 2512 meae
411 2467 508 2530 quam
531 2451 659 2512 vestrae
682 2448 772 2513 laudi
795 2450 1091 2535 existimationique
1116 2472 1180 2515 ser·
1194 2477 1221 2518 10

172 2537 265 2601 visse.
302 2535 434 2599 Accessi
453 2535 539 2599 enim
558 2536 599 2600 ad
617 2535 771 2601 invidiam
793 2536 985 2603 iudiciorum
1008 2539 1181 2603 levandam

172 2622 507 2706 vituperationemque
534 2624 727 2708 tollendam,
756 2628 806 2709 ut,
833 2648 906 2690 cum
933 2626 1013 2691 haec
1040 2648 1092 2690 res
1119 2649 1181 2711 pro

171 2713 340 2777 voluntate
373 2711 486 2795 populi
517 2711 656 2777 Romani
690 2716 776 2777 esset
807 2713 963 2798 iudicata,
1000 2715 1110 2798 aliqua
1141 2737 1182 2780 ex

172 2803 266 2884 parte
293 2821 366 2864 mea
393 2799 564 2886 diligentia
587 2799 766 2864 constituta
788 2802 965 2867 auctoritas
988 2803 1181 2868 iudiciorum

172 2889 343 2972 videretur,
365 2887 389 2970 †
406 2892 571 2972 postremo
590 2892 628 2953 ut
647 2892 732 2953 esset
753 2888 816 2954 hoc
838 2890 1024 2974 iudicatum,
1045 2894 1083 2955 ut
1106 2892 1181 2956 finis
1196 2917 1223 2958 111

137 2997 154 3046 o
173 2977 347 3061 aliquando
365 2976 551 3041 iudiciariae
570 2977 808 3042 controversiae
826 2979 1086 3043 constitueretur.
1124 2979 1183 3044 Et-

173 3066 259 3130 enim
283 3065 352 3129 sine
374 3064 485 3150 dubio,
508 3065 642 3149 iudices,
664 3065 699 3129 in
721 3065 783 3131 hae
805 3087 903 3131 causa
926 3088 964 3130 ea
986 3089 1038 3131 res
1060 3067 1097 3132 in
1120 3068 1183 3132 dis-

173 3155 294 3219 crimen
324 3153 505 3238 adducitur,
538 3175 611 3218 reus
641 3156 690 3217 est
718 3153 803 3218 enim
829 3154 1093 3239 nocentissimum
1127 3157 1184 3240 qui

173 3242 201 3306 si
228 3242 474 3326 condemnatur,
502 3241 649 3306 desinent
675 3241 823 3306 homines
851 3241 955 3307 dicere
977 3243 1029 3307 his
1054 3243 1183 3309 iudiciis

171 3331 341 3412 pecuniam
364 3328 542 3410 plurimum
565 3352 673 3413 posse3
701 3329 752 3393 sin
775 3329 968 3415 absolvitur,
998 3331 1183 3398 desinemus
1199 3355 1226 3396 ss

171 3437 231 3482 nos
255 3417 293 3480 de
316 3416 442 3481 iudiciis
466 3416 701 3482 transferendis
724 3439 881 3483 recusare.

241 3503 385 3567 Tametsi
400 3504 439 3568 de
454 3505 660 3572 absolutione
673 3505 768 3570 istius
782 3527 886 3590 neque
900 3507 970 3590 ipse
986 3507 1053 3571 iam
1072 3513 1185 3594 sperat
