2576 3882
367 185 434 240 ΗΒ.
451 185 491 239 111
519 185 597 242 CAP.
617 195 641 256 1,
660 195 675 242 a
695 194 709 254 s
730 196 806 244 1-4.
1028 193 1091 258 271

80 329 215 413 debent,
241 351 308 394 non
337 329 443 394 solum
471 331 548 414 quid
572 332 678 397 oneris
701 332 735 396 in
756 335 942 416 praesentia
964 337 1093 422 tollant,

80 418 139 483 sed
168 421 325 502 quantum
352 417 388 482 in
416 440 544 484 omnem
571 420 674 485 vitam
701 423 827 507 negotii
853 424 1015 508 suscipere
1043 447 1092 491 oo

78 509 208 571 nentur.
244 505 367 592 Legem
385 506 471 572 enim
491 507 636 592 sibiipsi
655 508 765 573 dicunt
782 509 995 596 innocentiae,
1018 536 1093 580 con-

80 594 240 658 tinentiae
257 595 480 680 virtutumque
500 597 654 680 omnium,
673 597 729 681 qui
748 598 789 662 ab
810 599 915 665 altero
932 601 1092 668 rationem

33 701 48 742 a
80 683 170 747 vitae
192 686 381 768 reposcunt,
409 687 506 767 atque
530 706 567 749 eo
591 685 711 770 magis,
740 685 768 749 si
790 686 836 768 id,
858 692 896 752 ut
919 692 995 754 ante
1018 690 1092 775 diri,

79 771 206 836 faciunt
228 770 320 835 nulla
342 793 378 835 re
401 773 557 837 commoti
580 773 646 838 alia
667 772 731 837 nisi
754 774 899 840 utilitate
922 780 1091 842 communi.

80 857 169 924 Nam
187 859 243 943 qui
261 859 325 923 sibi
342 860 405 924 hoc
424 861 574 945 sumpsit,
595 865 633 925 ut
656 861 800 948 corrigat
823 885 929 929 mores
953 865 1090 931 aliorum
1109 883 1126 932 2

81 970 119 1013 ac
141 950 275 1031 peccata
298 946 522 1032 reprehendat,
544 949 616 1032 quis
639 946 714 1014 huic'
736 951 896 1035 ignoscat,
919 955 948 1017 si
971 975 1035 1037 qua
1056 954 1092 1019 in

80 1059 116 1100 re
134 1036 204 1120 ipse
224 1035 265 1100 ab
283 1036 442 1122 religione
460 1036 559 1102 officii
578 1033 769 1103 declinarit?
806 1038 1011 1124 Quapropter
1029 1042 1091 1108 hoc

34 1142 66 1182 ιο
81 1123 182 1188 etiam
208 1124 314 1209 magis
342 1124 384 1188 ab
413 1125 563 1190 omnibus
592 1126 660 1190 eius
687 1126 777 1192 modi
804 1127 882 1193 civis
910 1128 1090 1194 laudandus

81 1235 119 1276 ac
134 1212 316 1298 diligendus
331 1216 390 1296 ost,
409 1214 496 1297 quod
512 1235 580 1278 non
597 1214 705 1279 solum
724 1216 765 1279 ab
784 1236 820 1280 re
838 1216 969 1299 publica
988 1218 1090 1282 civem

80 1301 256 1385 inprobum
278 1305 438 1386 removet,
461 1323 573 1366 verum
596 1301 697 1367 etiam
721 1324 755 1368 se
778 1303 887 1388 ipsum
911 1305 979 1369 eius
1002 1307 1091 1370 modi

79 1388 151 1453 fore
169 1389 341 1472 profitetur
361 1411 397 1453 ac
415 1393 571 1475 praestat,
589 1394 627 1455 ut
646 1391 709 1455 sibi
726 1413 793 1456 non
812 1393 908 1457 modo
928 1395 1091 1459 communi

79 1478 251 1543 voluntate
276 1477 408 1542 virtutis
432 1478 665 1562 atque'offioii,
694 1479 871 1545 sedetiam
894 1481 928 1545 vi
952 1482 1091 1566 quadam

35 1580 65 1624 1⁵
80 1565 187 1651 magis
205 1565 389 1631 necessaria
410 1570 497 1631 recte
520 1565 564 1630 sit
584 1566 785 1650 ‘honesteque
807 1569 990 1635 vivendum.
1026 1570 1125 1636 leae

81 1675 143 1738 que
161 1653 231 1739 hoo,
252 1653 384 1738 iudices,
407 1676 446 1718 ex
463 1653 595 1719 homine
616 1655 796 1720 clarissimo
820 1660 918 1740 atque
942 1659 1091 1741 eloquen-

80 1742 218 1826 tissimo,
240 1741 276 1806 L.
296 1740 424 1826 Crasso,
447 1764 543 1825 saepe
565 1742 711 1807 auditum
734 1747 793 1826 est,
817 1767 889 1809 cum
913 1766 947 1808 se
969 1746 1090 1810 nullius

79 1831 130 1895 rei
156 1834 225 1895 tam
250 1831 417 1915 paenitere
446 1830 579 1914 diceret,
608 1853 706 1914 quam
735 1831 821 1915 quod
848 1830 882 1897 Ο.
907 1832 1091 1898 Carbonem

79 1941 236 2003 umquam
262 1919 298 1983 in
323 1918 476 1984 iudicium
504 1919 700 2002 vocavisset,
727 1919 833 1983 minus
860 1919 946 1984 enim
968 1921 1089 1986 liberas

36 2027 66 2066 so
81 2007 226 2072 omnium
262 2021 371 2072 rerum
401 2007 590 2072 'voluntates
622 2007 766 2072 habebat
798 2011 831 2071 et
862 2007 965 2073 vitam
998 2029 1090 2074 suam

12 2147 13 2152 1
78 2095 243 2180 pluribus,
272 2117 370 2180 quam
396 2095 509 2178 vellet,
537 2095 705 2161 observari
732 2095 834 2160 oculis
858 2096 1090 2166 arbitrabatur.

79 2184 190 2267 Atque
216 2183 273 2248 ille
295 2183 348 2248 his
370 2183 540 2268 praesidiis
563 2183 685 2270 ingenii
707 2182 921 2269 fortunaeque
944 2186 1090 2251 munitus

63 2276 193 2350 tamen
208 2271 271 2336 hac
288 2294 366 2336 cura
385 2272 621 2355 continebatur,
645 2294 743 2356 quam
766 2272 829 2336 sibi
851 2273 995 2337 nondum
1018 2296 1090 2340 con-

79 2361 211 2425 firmato
230 2360 375 2443 consilio,
394 2360 450 2424 sed
467 2360 599 2424 ineunte
618 2363 725 2424 aetate
744 2365 937 2445 susceperat.
974 2361 1090 2438 Quam·

35 2467 64 2507 ss
80 2471 180 2533 quam
211 2449 318 2512 minus
351 2447 450 2512 etiam
481 2448 676 2533 perspicitur
706 2469 817 2512 eorum
847 2450 951 2514 virtus
982 2454 1014 2514 et
1044 2451 1090 2514 in-

79 2536 234 2622 tegritas,
267 2536 322 2621 qui
354 2536 394 2600 ad
422 2536 506 2602 hane
532 2558 602 2601 rem
630 2536 877 2620 adulescentuli,
908 2559 1007 2622 quam
1035 2540 1091 2622 qui

79 2627 148 2690 iam
165 2625 295 2690 firmata
318 2627 426 2689 aetate
449 2625 655 2690 descendunt.
695 2622 752 2688 Illi
766 2625 870 2708 enim,
894 2630 969 2690 ante
992 2649 1091 2711 quam

78 2716 257 2798 potuerunt
282 2713 482 2796 existimare,
510 2717 633 2796 quanto
655 2712 790 2777 liberior
811 2714 880 2778 vita
903 2714 947 2777 sit
970 2736 1090 2797 eorum,

81 2801 137 2886 qui
168 2801 330 2866 neminem
360 2801 555 2885 accusarint,
583 2800 707 2886 gloriae
734 2823 832 2866 causa
859 2806 957 2885 atque
985 2804 1090 2866 osten-

35 2911 65 2950 so
79 2889 217 2954 tationis
250 2892 416 2973 accusant3
447 2909 522 2972 nos,
553 2889 610 2973 qui
640 2889 737 2972 iam,
752 2893 785 2954 et
817 2889 892 2972 quid
922 2889 1027 2953 facere
1057 2893 1090 2953 et

80 2978 276 3063 quantulum
297 2977 439 3042 iudicare
460 2998 645 3061 possemus,
672 2977 886 3059 ostendimus,
908 2977 970 3040 nisi
993 2976 1089 3042 facile

81 3065 276 3151 cupiditates
290 3069 421 3129 nostras
440 3067 633 3148 teneremus,
650 3087 827 3148 numquam
844 3064 976 3147 ipsimet
994 3065 1089 3129 nobis

79 3154 338 3240 praecideremus
365 3153 464 3217 istam
487 3153 653 3218 licentiam
680 3153 929 3237 libertatemque
951 3152 1089 3218 vivendi.

147 3242 258 3327 Atque
272 3263 333 3328 ego
347 3241 410 3306 hoe
423 3241 497 3325 plus
515 3242 621 3306 oneris
640 3241 755 3324 habeo,
774 3262 871 3325 quam
891 3241 946 3324 qui
965 3215 1125 3342 ceteros{

36 3350 64 3390 ee
79 3334 274 3397 accusarunt
306 3329 349 3414 (si
379 3351 460 3394 onus
488 3333 539 3394 est
565 3330 600 3394 id
627 3329 870 3414 appellandum,
903 3329 989 3413 quod
1016 3351 1089 3394 cum

79 3419 209 3484 laetitia
230 3418 317 3483 feras
341 3440 378 3484 ac
401 3417 585 3502 voluptate)
608 3454 650 3464 -
673 3438 786 3482 verum
809 3420 922 3482 tamen
944 3439 1005 3504 ego
1027 3417 1090 3483 hoc

79 3508 221 3594 amplius
248 3506 375 3591 suscepi
399 3528 496 3591 quam
520 3505 631 3590 ceteri,
660 3505 746 3588 quod
768 3505 816 3570 ita
838 3506 1024 3591 postulatur
1047 3505 1088 3571 ab
