2564 3876
380 176 457 232 cAP.
477 183 581 232 ιιι-31
601 183 616 244 e
635 184 747 234 εει-ιιι.
1028 181 1070 244 31

73 317 212 405 officium,
243 318 359 405 fidem,
393 320 611 407 diligentiam,
646 323 748 388 vitam
780 323 912 388 omnino
945 345 1073 410 semper

71 408 222 472 horridam
249 412 353 492 atque
381 409 506 474 aridem
533 410 622 475 cordi
649 411 758 476 fuisse.
807 411 877 478 Iste
904 413 1073 497 superiora

71 517 131 560 esse
148 518 183 561 se
199 497 383 581 plurimum
400 519 497 584 posse
514 498 567 563 his
586 499 731 564 moribus
755 501 863 564 sentit.
896 499 979 576 Quid
992 522 1071 588 ergo
1090 517 1123 566 oe

69 585 131 649 est?
171 583 247 650 Non
275 607 383 670 usque
411 608 448 651 eo
472 591 596 669 temen,
623 591 661 651 ut
682 588 718 651 in
739 589 845 673 cupite
867 589 1072 674 fortunisque

47 672 221 738 ⁵hominum
251 673 564 740 honestissimorum
587 675 793 740 dominentur
814 677 852 761 ii,
881 679 936 761 qui
958 679 1074 744 relicte

68 761 197 826 virorum
215 762 384 828 bonorum
402 762 575 848 discipline
597 767 631 828 et
654 767 826 848 quaestum
849 769 882 830 et
904 770 1072 851 sumptum

69 847 186 914 Galloni
212 851 310 936 sequi
337 851 525 916 meluenmt
554 855 652 935 etque
685 853 798 936 etiem,
831 853 917 936 quod
948 854 983 917 in
1013 854 1072 919 illo

66 960 124 1003 non
146 937 221 1023 fuit,
248 961 328 1005 cum
358 940 492 1005 audacie
514 940 713 1025 perfidisque
735 941 894 1005 vixerunt.
939 939 975 1006 Si
996 942 1074 1008 licet

67 1027 162 1090 rivere
176 1049 260 1112 eum,
279 1049 379 1112 quem
393 1025 463 1092 Sex.
477 1027 622 1094 Naevius
639 1051 706 1094 non
723 1029 805 1107 vult,
828 1029 857 1094 si
876 1032 926 1094 est
948 1029 1074 1094 homini

39 1131 58 1172 u
68 1113 191 1180 honesto
215 1116 311 1182 loeus
334 1116 370 1180 in
392 1116 525 1181 civitate
547 1116 651 1182 invito
670 1116 805 1200 Naevio,
828 1117 857 1182 si
878 1117 929 1182 fas
954 1121 1005 1182 est
1026 1139 1074 1182 re·

69 1203 178 1286 spirare
191 1203 227 1268 P.
242 1202 434 1280 Quinotium
453 1210 568 1271 contra
585 1208 702 1270 nutum
725 1205 947 1289 dicionemque
960 1205 1074 1289 Naevi,

69 1293 100 1375 si,
111 1313 188 1376 quse
201 1293 332 1377 pudore
346 1296 537 1358 ornamenta
550 1293 614 1358 sibi
627 1293 764 1379 peperit,
782 1315 821 1358 ee
833 1298 945 1380 potest
959 1298 1074 1360 contre

68 1381 274 1463 petulentiam
303 1403 358 1446 me
385 1381 576 1447 defendente
603 1381 763 1467 obtinere,
793 1403 867 1468 spes
895 1387 947 1448 est
974 1383 1074 1448 etium

69 1467 142 1533 hune
158 1469 317 1535 miserum
337 1473 434 1554 etque
452 1470 616 1536 infelicem
634 1470 808 1554 aliquando
827 1471 959 1536 tandem
978 1493 1074 1556 posse

40 1572 61 1611 ιι
71 1557 242 1623 consistere.
291 1556 351 1622 Sin
374 1562 408 1624 et
429 1559 551 1644 poterit
573 1556 717 1624 Naevius
739 1559 786 1642 id,
809 1560 1014 1644 quodlibet,
1042 1563 1076 1624 et

70 1644 95 1706 ei
117 1645 230 1711 libebit
252 1646 302 1730 id,
328 1646 413 1730 quod
434 1669 501 1712 non
522 1647 613 1729 licet,
636 1646 713 1731 quid
737 1648 898 1733 egendum
920 1649 995 1713 est?
1020 1649 1076 1732 qui

71 1731 138 1798 deos
158 1735 377 1821 appellandus
400 1736 472 1801 est?
496 1735 587 1800 cuius
607 1735 748 1800 hominis
767 1735 847 1800 fides
870 1736 1076 1820 imploranda

70 1822 132 1886 est?
153 1824 209 1906 qui
227 1823 369 1906 denique
393 1827 541 1907 questus,
565 1823 621 1907 qui
643 1846 772 1889 maeror
795 1824 913 1909 dignus
936 1823 1076 1889 inveniri

72 1908 123 1991 [in]
144 1912 336 1976 celemitete
357 1915 452 1977 tenta
473 1912 605 1997 potest?

40 2012 61 2050 ¹⁰
126 1997 284 2065 Miserum
307 2003 358 2064 est
381 2000 548 2065 deturbari
568 1999 710 2065 fortunis
736 2000 901 2084 omnibus,
925 1999 1075 2068 miserius
1085 1973 1128 2100 39}

72 2089 114 2150 est
133 2087 266 2174 iniuria,
291 2089 443 2154 acerbum
466 2092 518 2154 est
539 2089 580 2153 eb
602 2089 712 2172 aliquo
731 2088 966 2173 circumveniri,
990 2110 1075 2154 ecer-

71 2173 134 2239 hins
151 2199 171 2242 s
187 2177 390 2262 propinqu03
413 2177 640 2242 calamitosum
663 2180 713 2241 est
736 2177 831 2242 bonis
855 2177 967 2261 everti,
991 2178 1075 2243 culu-

72 2262 210 2330 nitosius
243 2287 320 2331 cum
352 2265 519 2350 dedecore,
550 2265 716 2330 funestum
744 2270 795 2330 est
822 2289 842 2330 a
868 2265 950 2330 forti
978 2269 1075 2350 etque

72 2348 198 2420 honesto
209 2354 285 2419 viro
296 2353 448 2440 iugulari,
461 2353 622 2419 funestius
637 2355 678 2418 eb
694 2375 741 2438 eo,
755 2353 845 2419 ouius
858 2376 923 2419 vox
936 2354 972 2420 in
984 2376 1076 2440 pree·

42 2440 154 2505 eonio
185 2445 326 2527 quaestu
357 2442 519 2527 prostitit3
550 2441 721 2527 indignum
753 2445 804 2507 ert
836 2463 856 2507 e
886 2442 960 2527 peri
990 2443 1077 2508 vinci

74 2531 122 2592 out
143 2531 319 2616 superiore,
340 2530 505 2616 indignius
529 2531 571 2596 ub
594 2529 747 2594 inferiore
771 2534 868 2614 atque
886 2530 1076 2614 humiliore3

73 2613 246 2684 luctuosum
256 2622 309 2684 est
321 2619 407 2685 tradi
422 2618 519 2685 elteri
532 2641 605 2684 cum
619 2618 723 2701 bonis,
737 2619 917 2684 luctuosius
931 2619 1077 2702 inimico;

73 2701 219 2773 horribile
241 2712 295 2774 est
317 2729 448 2774 caurum
471 2707 588 2792 cepitis
612 2706 731 2788 dicere,
755 2706 946 2773 horribilius
968 2707 1076 2792 priore

74 2789 137 2858 loeo
169 2796 284 2861 dicere.
338 2795 456 2861 Omnia
485 2794 713 2879 circumspexit
745 2793 930 2879 Quinctius,
966 2794 1076 2860 omnia
1094 2807 1129 2856 uo

46 2881 267 2961 opericliraeus
300 2887 363 2968 est,
394 2882 430 2949 O.
454 2882 581 2968 Aquili3
614 2905 680 2948 non
707 2886 892 2968 praetorem
919 2882 1030 2964 modo,
1058 2903 1078 2945 e

77 2971 197 3049 quoius
217 2973 420 3057 impetraret,
442 2971 587 3037 inuenire
604 2990 671 3036 non
687 2972 805 3057 potuit,
824 2976 922 3055 etque
941 2969 1021 3035 edeo
1035 2989 1078 3034 ne

76 3057 148 3122 unde
170 3061 334 3125 arbitratu
357 3060 487 3144 quidem
510 3081 568 3124 suo
591 3060 788 3144 postularet,
811 3059 869 3124 sed
890 3080 932 3124 ne
955 3057 1077 3122 amicos

78 3145 194 3225 quidem
226 3147 299 3213 Sex.
330 3146 444 3232 Neevi,
477 3169 614 3232 quorum
642 3169 738 3232 saepe
765 3151 799 3212 et
826 3146 881 3211 diu
911 3145 952 3210 ed
980 3144 1078 3229 pedes

76 3228 165 3299 iuouit
197 3239 321 3302 strutus
345 3236 517 3301 obsecrans
544 3257 604 3320 per
626 3236 703 3301 deos
721 3235 935 3318 immortales,
956 3236 994 3297 ut
1022 3236 1079 3297 out

47 3328 174 3388 ⁸roceum
199 3324 270 3389 iure
293 3325 524 3390 contenderent
549 3326 607 3389 uut
630 3323 784 3388 iniuriam
810 3322 879 3386 sine
899 3319 1080 3408 ignominie

77 3405 133 3474 sibi
169 3411 380 3497 imponerent
452 3411 600 3495 Denique
641 3411 745 3496 ipsiu·
786 3409 910 3475 inimici
951 3409 1079 3474 vultum
1098 3420 1132 3470 97

79 3499 334 3582 superbissimum
374 3499 489 3583 subiit,
525 3499 628 3583 ipsius
663 3495 734 3562 Sex.
764 3496 870 3562 Naevi
905 3497 1079 3562 lacrimans
