<?xml version="1.0" encoding="UTF-8"?>
<!DOCTYPE html PUBLIC "-//W3C//DTD XHTML 1.0 Transitional//EN"
    "http://www.w3.org/TR/xhtml1/DTD/xhtml1-transitional.dtd">
<html xmlns="http://www.w3.org/1999/xhtml" xml:lang="en" lang="en">
 <head>
  <title>
</title>
<meta http-equiv="Content-Type" content="text/html;charset=utf-8" />
  <meta name='ocr-system' content='tesseract 3.04.00' />
  <meta name='ocr-capabilities' content='ocr_page ocr_carea ocr_par ocr_line ocrx_word'/>
</head>
<body>
  <div class='ocr_page' id='page_1' title='image "./scriptaquaemans01mullgoog_0366.png"; bbox 0 0 2576 3882; ppageno 0'>
   <div class='ocr_carea' id='block_1_1' title="bbox 359 141 1133 216">
    <p class='ocr_par' dir='ltr' id='par_1_1' title="bbox 359 141 1133 216">
     <span class='ocr_line' id='line_1_1' title="bbox 359 141 1133 216; baseline 0.014 -19"><span class='ocrx_word' id='word_1_1' title='bbox 359 141 426 202; x_wconf 75' lang='grc' dir='ltr'>ΗΒ.</span> <span class='ocrx_word' id='word_1_2' title='bbox 445 143 472 198; x_wconf 91' lang='lat' dir='ltr'>II</span> <span class='ocrx_word' id='word_1_3' title='bbox 503 144 579 200; x_wconf 78' lang='lat' dir='ltr'>GAP.</span> <span class='ocrx_word' id='word_1_4' title='bbox 599 151 704 201; x_wconf 79' lang='lat' dir='ltr'>te-se</span> <span class='ocrx_word' id='word_1_5' title='bbox 723 151 738 212; x_wconf 70' lang='grc' dir='ltr'>ξ</span> <span class='ocrx_word' id='word_1_6' title='bbox 759 151 907 205; x_wconf 82' lang='grc'>139-144,</span> <span class='ocrx_word' id='word_1_7' title='bbox 1069 149 1133 216; x_wconf 78' lang='grc'>251</span> 
     </span>
    </p>
   </div>
   <div class='ocr_carea' id='block_1_2' title="bbox 77 287 1186 3552">
    <p class='ocr_par' dir='ltr' id='par_1_2' title="bbox 77 287 1186 3552">
     <span class='ocr_line' id='line_1_2' title="bbox 124 287 1134 378; baseline 0.004 -24"><span class='ocrx_word' id='word_1_8' title='bbox 124 287 231 372; x_wconf 81' lang='lat' dir='ltr'>nium3</span> <span class='ocrx_word' id='word_1_9' title='bbox 250 287 279 352; x_wconf 91' lang='lat' dir='ltr'>si</span> <span class='ocrx_word' id='word_1_10' title='bbox 290 287 354 353; x_wconf 91' lang='lat' dir='ltr'>hoe</span> <span class='ocrx_word' id='word_1_11' title='bbox 367 287 541 354; x_wconf 82' lang='lat' dir='ltr'>intervallo</span> <span class='ocrx_word' id='word_1_12' title='bbox 559 311 626 355; x_wconf 91' lang='lat' dir='ltr'>non</span> <span class='ocrx_word' id='word_1_13' title='bbox 643 291 890 377; x_wconf 75' lang='lat' dir='ltr'>consumpserit,</span> <span class='ocrx_word' id='word_1_14' title='bbox 907 294 979 358; x_wconf 88' lang='lat' dir='ltr'>tum</span> <span class='ocrx_word' id='word_1_15' title='bbox 998 292 1134 378; x_wconf 88' lang='lat' dir='ltr'>denique</span> 
     </span>
     <span class='ocr_line' id='line_1_3' title="bbox 124 375 1134 463; baseline 0.005 -21"><span class='ocrx_word' id='word_1_16' title='bbox 124 398 244 443; x_wconf 91' lang='lat' dir='ltr'>nomen</span> <span class='ocrx_word' id='word_1_17' title='bbox 267 375 336 442; x_wconf 89' lang='lat' dir='ltr'>eius</span> <span class='ocrx_word' id='word_1_18' title='bbox 359 377 398 440; x_wconf 90' lang='lat' dir='ltr'>de</span> <span class='ocrx_word' id='word_1_19' title='bbox 421 377 565 461; x_wconf 89' lang='lat' dir='ltr'>pecuniis</span> <span class='ocrx_word' id='word_1_20' title='bbox 588 379 774 463; x_wconf 79' lang='lat' dir='ltr'>repetundis</span> <span class='ocrx_word' id='word_1_21' title='bbox 798 383 982 445; x_wconf 88' lang='lat' dir='ltr'>statuarum</span> <span class='ocrx_word' id='word_1_22' title='bbox 1003 383 1134 447; x_wconf 90' lang='lat' dir='ltr'>nomine</span> 
     </span>
     <span class='ocr_line' id='line_1_4' title="bbox 125 463 1134 553; baseline 0.007 -25"><span class='ocrx_word' id='word_1_23' title='bbox 125 465 314 530; x_wconf 86' lang='lat' dir='ltr'>deferemus.</span> <span class='ocrx_word' id='word_1_24' title='bbox 355 463 442 530; x_wconf 88' lang='lat' dir='ltr'>Reus</span> <span class='ocrx_word' id='word_1_25' title='bbox 462 468 513 530; x_wconf 89' lang='lat' dir='ltr'>est</span> <span class='ocrx_word' id='word_1_26' title='bbox 536 466 685 531; x_wconf 85' lang='lat' dir='ltr'>maximis</span> <span class='ocrx_word' id='word_1_27' title='bbox 708 467 922 553; x_wconf 82' lang='lat' dir='ltr'><strong>plurimisque</strong></span> <span class='ocrx_word' id='word_1_28' title='bbox 945 469 1134 534; x_wconf 81' lang='lat' dir='ltr'><strong>criminibus</strong></span> 
     </span>
     <span class='ocr_line' id='line_1_5' title="bbox 124 551 1133 644; baseline 0.005 -26"><span class='ocrx_word' id='word_1_29' title='bbox 124 551 161 618; x_wconf 91' lang='lat' dir='ltr'>in</span> <span class='ocrx_word' id='word_1_30' title='bbox 186 552 340 618; x_wconf 88' lang='lat' dir='ltr'>indicium</span> <span class='ocrx_word' id='word_1_31' title='bbox 367 555 515 637; x_wconf 81' lang='lat' dir='ltr'>vocatns3</span> <span class='ocrx_word' id='word_1_32' title='bbox 542 552 599 619; x_wconf 86' lang='lat' dir='ltr'>HS</span> <span class='ocrx_word' id='word_1_33' title='bbox 625 554 746 620; x_wconf 84' lang='lat' dir='ltr'>viciens</span> <span class='ocrx_word' id='word_1_34' title='bbox 773 577 813 620; x_wconf 87' lang='lat' dir='ltr'>ex</span> <span class='ocrx_word' id='word_1_35' title='bbox 838 556 901 622; x_wconf 91' lang='lat' dir='ltr'>hoc</span> <span class='ocrx_word' id='word_1_36' title='bbox 927 579 991 622; x_wconf 92' lang='lat' dir='ltr'>uno</span> <span class='ocrx_word' id='word_1_37' title='bbox 1016 579 1133 644; x_wconf 81' lang='lat' dir='ltr'>genere</span> 
     </span>
     <span class='ocr_line' id='line_1_6' title="bbox 77 639 1162 730; baseline 0.01 -29"><span class='ocrx_word' id='word_1_38' title='bbox 77 645 258 726; x_wconf 79' lang='lat' dir='ltr'>-scaptum</span> <span class='ocrx_word' id='word_1_39' title='bbox 284 640 439 706; x_wconf 86' lang='lat' dir='ltr'>videmus.</span> <span class='ocrx_word' id='word_1_40' title='bbox 485 639 521 706; x_wconf 84' lang='lat' dir='ltr'>Si</span> <span class='ocrx_word' id='word_1_41' title='bbox 543 642 775 708; x_wconf 89' lang='lat' dir='ltr'>condemnatus</span> <span class='ocrx_word' id='word_1_42' title='bbox 799 643 876 728; x_wconf 89' lang='lat' dir='ltr'>eris,</span> <span class='ocrx_word' id='word_1_43' title='bbox 902 665 981 729; x_wconf 91' lang='lat' dir='ltr'>non,</span> <span class='ocrx_word' id='word_1_44' title='bbox 1009 646 1162 730; x_wconf 53' lang='lat' dir='ltr'>opinor,</span> 
     </span>
     <span class='ocr_line' id='line_1_7' title="bbox 124 729 1134 816; baseline 0.006 -23"><span class='ocrx_word' id='word_1_45' title='bbox 124 729 159 794; x_wconf 91' lang='lat' dir='ltr'>id</span> <span class='ocrx_word' id='word_1_46' title='bbox 186 750 278 815; x_wconf 80' lang='lat' dir='ltr'>agee,</span> <span class='ocrx_word' id='word_1_47' title='bbox 305 731 342 793; x_wconf 90' lang='lat' dir='ltr'>ut</span> <span class='ocrx_word' id='word_1_48' title='bbox 368 729 433 794; x_wconf 87' lang='lat' dir='ltr'>ista</span> <span class='ocrx_word' id='word_1_49' title='bbox 460 730 596 814; x_wconf 83' lang='lat' dir='ltr'>pecunia</span> <span class='ocrx_word' id='word_1_50' title='bbox 621 730 657 796; x_wconf 91' lang='lat' dir='ltr'>in</span> <span class='ocrx_word' id='word_1_51' title='bbox 684 731 901 816; x_wconf 89' lang='lat' dir='ltr'>quinquennio</span> <span class='ocrx_word' id='word_1_52' title='bbox 925 739 1134 799; x_wconf 86' lang='lat' dir='ltr'>consumatur</span> 
     </span>
     <span class='ocr_line' id='line_1_8' title="bbox 124 817 1134 907; baseline 0.005 -26"><span class='ocrx_word' id='word_1_53' title='bbox 124 818 159 882; x_wconf 91' lang='lat' dir='ltr'>in</span> <span class='ocrx_word' id='word_1_54' title='bbox 187 817 320 901; x_wconf 81' lang='lat' dir='ltr'>statuis3</span> <span class='ocrx_word' id='word_1_55' title='bbox 348 817 400 882; x_wconf 91' lang='lat' dir='ltr'>sin</span> <span class='ocrx_word' id='word_1_56' title='bbox 427 818 598 884; x_wconf 86' lang='lat' dir='ltr'>absolutus</span> <span class='ocrx_word' id='word_1_57' title='bbox 626 819 703 904; x_wconf 89' lang='lat' dir='ltr'>eris,</span> <span class='ocrx_word' id='word_1_58' title='bbox 731 820 803 904; x_wconf 90' lang='lat' dir='ltr'>quis</span> <span class='ocrx_word' id='word_1_59' title='bbox 832 821 894 885; x_wconf 89' lang='lat' dir='ltr'>erit</span> <span class='ocrx_word' id='word_1_60' title='bbox 919 826 989 886; x_wconf 88' lang='lat' dir='ltr'>tam</span> <span class='ocrx_word' id='word_1_61' title='bbox 1012 843 1134 907; x_wconf 91' lang='lat' dir='ltr'>amens,</span> 
     </span>
     <span class='ocr_line' id='line_1_9' title="bbox 125 905 1133 994; baseline 0.006 -25"><span class='ocrx_word' id='word_1_62' title='bbox 125 905 182 990; x_wconf 90' lang='lat' dir='ltr'>qui</span> <span class='ocrx_word' id='word_1_63' title='bbox 199 908 233 970; x_wconf 88' lang='lat' dir='ltr'>te</span> <span class='ocrx_word' id='word_1_64' title='bbox 252 908 360 970; x_wconf 87' lang='lat' dir='ltr'>extet</span> <span class='ocrx_word' id='word_1_65' title='bbox 378 906 544 990; x_wconf 87' lang='lat' dir='ltr'>tantisque</span> <span class='ocrx_word' id='word_1_66' title='bbox 564 907 753 974; x_wconf 85' lang='lat' dir='ltr'><strong>criminibus</strong></span> <span class='ocrx_word' id='word_1_67' title='bbox 772 908 919 993; x_wconf 86' lang='lat' dir='ltr'>elapsum</span> <span class='ocrx_word' id='word_1_68' title='bbox 940 913 1018 994; x_wconf 92' lang='lat' dir='ltr'>post</span> <span class='ocrx_word' id='word_1_69' title='bbox 1041 910 1133 994; x_wconf 91' lang='lat' dir='ltr'>qnin-</span> 
     </span>
     <span class='ocr_line' id='line_1_10' title="bbox 125 993 1133 1082; baseline 0.004 -24"><span class='ocrx_word' id='word_1_70' title='bbox 125 993 300 1078; x_wconf 90' lang='lat' dir='ltr'>quennium</span> <span class='ocrx_word' id='word_1_71' title='bbox 323 997 506 1059; x_wconf 87' lang='lat' dir='ltr'>statuarum</span> <span class='ocrx_word' id='word_1_72' title='bbox 527 995 659 1061; x_wconf 87' lang='lat' dir='ltr'>nomine</span> <span class='ocrx_word' id='word_1_73' title='bbox 682 997 847 1062; x_wconf 82' lang='lat' dir='ltr'>arcessat?</span> <span class='ocrx_word' id='word_1_74' title='bbox 886 996 953 1082; x_wconf 92' lang='lat' dir='ltr'>Ita,</span> <span class='ocrx_word' id='word_1_75' title='bbox 979 997 1008 1063; x_wconf 92' lang='lat' dir='ltr'>si</span> <span class='ocrx_word' id='word_1_76' title='bbox 1029 1018 1133 1081; x_wconf 89' lang='lat' dir='ltr'>neque</span> 
     </span>
     <span class='ocr_line' id='line_1_11' title="bbox 83 1081 1134 1171; baseline 0.003 -23"><span class='ocrx_word' id='word_1_77' title='bbox 83 1099 111 1140; x_wconf 77' lang='grc' dir='ltr'>ιο</span> <span class='ocrx_word' id='word_1_78' title='bbox 125 1081 243 1148; x_wconf 88' lang='lat' dir='ltr'>adhuc.</span> <span class='ocrx_word' id='word_1_79' title='bbox 257 1086 450 1166; x_wconf 85' lang='lat' dir='ltr'>consumpta</span> <span class='ocrx_word' id='word_1_80' title='bbox 477 1086 527 1148; x_wconf 90' lang='lat' dir='ltr'>est</span> <span class='ocrx_word' id='word_1_81' title='bbox 551 1083 617 1149; x_wconf 88' lang='lat' dir='ltr'>ista</span> <span class='ocrx_word' id='word_1_82' title='bbox 640 1085 776 1169; x_wconf 90' lang='lat' dir='ltr'>pecunia</span> <span class='ocrx_word' id='word_1_83' title='bbox 799 1088 832 1150; x_wconf 92' lang='lat' dir='ltr'>et</span> <span class='ocrx_word' id='word_1_84' title='bbox 855 1088 905 1151; x_wconf 89' lang='lat' dir='ltr'>est</span> <span class='ocrx_word' id='word_1_85' title='bbox 927 1086 1134 1171; x_wconf 91' lang='lat' dir='ltr'>perspicuum</span> 
     </span>
     <span class='ocr_line' id='line_1_12' title="bbox 123 1170 1134 1258; baseline 0.002 -22"><span class='ocrx_word' id='word_1_86' title='bbox 123 1191 191 1236; x_wconf 92' lang='lat' dir='ltr'>non</span> <span class='ocrx_word' id='word_1_87' title='bbox 208 1173 438 1254; x_wconf 88' lang='lat' dir='ltr'>consumptum</span> <span class='ocrx_word' id='word_1_88' title='bbox 455 1170 505 1255; x_wconf 89' lang='lat' dir='ltr'>iri,</span> <span class='ocrx_word' id='word_1_89' title='bbox 528 1171 606 1238; x_wconf 87' lang='lat' dir='ltr'>licet</span> <span class='ocrx_word' id='word_1_90' title='bbox 623 1172 690 1237; x_wconf 90' lang='lat' dir='ltr'>iam</span> <span class='ocrx_word' id='word_1_91' title='bbox 712 1173 943 1258; x_wconf 77' lang='lat' dir='ltr'>intellegamus</span> <span class='ocrx_word' id='word_1_92' title='bbox 965 1174 1134 1239; x_wconf 86' lang='lat' dir='ltr'>inventam</span> 
     </span>
     <span class='ocr_line' id='line_1_13' title="bbox 125 1258 1132 1343; baseline 0.004 -20"><span class='ocrx_word' id='word_1_93' title='bbox 125 1279 195 1324; x_wconf 90' lang='lat' dir='ltr'>esse</span> <span class='ocrx_word' id='word_1_94' title='bbox 222 1258 397 1342; x_wconf 89' lang='lat' dir='ltr'>rationem,</span> <span class='ocrx_word' id='word_1_95' title='bbox 425 1280 525 1343; x_wconf 89' lang='lat' dir='ltr'>quare</span> <span class='ocrx_word' id='word_1_96' title='bbox 552 1264 585 1324; x_wconf 89' lang='lat' dir='ltr'>et</span> <span class='ocrx_word' id='word_1_97' title='bbox 611 1261 675 1326; x_wconf 90' lang='lat' dir='ltr'>iste</span> <span class='ocrx_word' id='word_1_98' title='bbox 697 1259 754 1326; x_wconf 84' lang='lat' dir='ltr'>HS</span> <span class='ocrx_word' id='word_1_99' title='bbox 778 1261 899 1327; x_wconf 81' lang='lat' dir='ltr'>viciens</span> <span class='ocrx_word' id='word_1_100' title='bbox 922 1283 962 1327; x_wconf 84' lang='lat' dir='ltr'>ex</span> <span class='ocrx_word' id='word_1_101' title='bbox 983 1261 1046 1327; x_wconf 90' lang='lat' dir='ltr'>hoc</span> <span class='ocrx_word' id='word_1_102' title='bbox 1068 1283 1132 1327; x_wconf 93' lang='lat' dir='ltr'>uno</span> 
     </span>
     <span class='ocr_line' id='line_1_14' title="bbox 125 1347 1132 1435; baseline 0.003 -24"><span class='ocrx_word' id='word_1_103' title='bbox 125 1368 242 1434; x_wconf 81' lang='lat' dir='ltr'>genere</span> <span class='ocrx_word' id='word_1_104' title='bbox 265 1347 447 1413; x_wconf 88' lang='lat' dir='ltr'>conciliarit</span> <span class='ocrx_word' id='word_1_105' title='bbox 470 1351 503 1412; x_wconf 92' lang='lat' dir='ltr'>et</span> <span class='ocrx_word' id='word_1_106' title='bbox 526 1349 648 1433; x_wconf 78' lang='lat' dir='ltr'>ceperit</span> <span class='ocrx_word' id='word_1_107' title='bbox 670 1351 704 1414; x_wconf 89' lang='lat' dir='ltr'>et</span> <span class='ocrx_word' id='word_1_108' title='bbox 726 1350 839 1435; x_wconf 89' lang='lat' dir='ltr'>ceteri,</span> <span class='ocrx_word' id='word_1_109' title='bbox 863 1350 892 1414; x_wconf 91' lang='lat' dir='ltr'>si</span> <span class='ocrx_word' id='word_1_110' title='bbox 914 1350 976 1416; x_wconf 93' lang='lat' dir='ltr'>hoc</span> <span class='ocrx_word' id='word_1_111' title='bbox 999 1373 1019 1414; x_wconf 87' lang='lat' dir='ltr'>a</span> <span class='ocrx_word' id='word_1_112' title='bbox 1040 1351 1132 1415; x_wconf 83' lang='lat' dir='ltr'>vobis</span> 
     </span>
     <span class='ocr_line' id='line_1_15' title="bbox 125 1435 1133 1524; baseline 0.004 -24"><span class='ocrx_word' id='word_1_113' title='bbox 125 1435 187 1500; x_wconf 90' lang='lat' dir='ltr'>erit</span> <span class='ocrx_word' id='word_1_114' title='bbox 215 1435 477 1520; x_wconf 86' lang='lat' dir='ltr'>comprobatum,</span> <span class='ocrx_word' id='word_1_115' title='bbox 505 1458 603 1521; x_wconf 90' lang='lat' dir='ltr'>quam</span> <span class='ocrx_word' id='word_1_116' title='bbox 625 1438 736 1503; x_wconf 87' lang='lat' dir='ltr'>volent</span> <span class='ocrx_word' id='word_1_117' title='bbox 757 1459 895 1524; x_wconf 91' lang='lat' dir='ltr'>magnas</span> <span class='ocrx_word' id='word_1_118' title='bbox 917 1439 981 1504; x_wconf 88' lang='lat' dir='ltr'>hoe</span> <span class='ocrx_word' id='word_1_119' title='bbox 1002 1439 1133 1504; x_wconf 91' lang='lat' dir='ltr'>nomine</span> 
     </span>
     <span class='ocr_line' id='line_1_16' title="bbox 83 1523 1134 1612; baseline 0.008 -28"><span class='ocrx_word' id='word_1_120' title='bbox 83 1540 110 1582; x_wconf 65' lang='grc' dir='ltr'>ιτ»</span> <span class='ocrx_word' id='word_1_121' title='bbox 123 1523 277 1610; x_wconf 78' lang='lat' dir='ltr'>pecunias</span> <span class='ocrx_word' id='word_1_122' title='bbox 304 1545 419 1609; x_wconf 88' lang='lat' dir='ltr'>capere</span> <span class='ocrx_word' id='word_1_123' title='bbox 442 1524 583 1609; x_wconf 80' lang='lat' dir='ltr'>possint3</span> <span class='ocrx_word' id='word_1_124' title='bbox 610 1528 648 1588; x_wconf 91' lang='lat' dir='ltr'>ut</span> <span class='ocrx_word' id='word_1_125' title='bbox 670 1525 735 1590; x_wconf 91' lang='lat' dir='ltr'>iam</span> <span class='ocrx_word' id='word_1_126' title='bbox 758 1526 926 1592; x_wconf 83' lang='lat' dir='ltr'>videamur</span> <span class='ocrx_word' id='word_1_127' title='bbox 946 1547 1014 1591; x_wconf 91' lang='lat' dir='ltr'>non</span> <span class='ocrx_word' id='word_1_128' title='bbox 1037 1549 1056 1591; x_wconf 89' lang='lat' dir='ltr'>a</span> <span class='ocrx_word' id='word_1_129' title='bbox 1078 1549 1134 1612; x_wconf 92' lang='lat' dir='ltr'>pe·</span> 
     </span>
     <span class='ocr_line' id='line_1_17' title="bbox 124 1611 1134 1700; baseline 0.002 -22"><span class='ocrx_word' id='word_1_130' title='bbox 124 1611 226 1678; x_wconf 87' lang='lat' dir='ltr'>cuniis</span> <span class='ocrx_word' id='word_1_131' title='bbox 250 1611 417 1696; x_wconf 80' lang='lat' dir='ltr'>capiundis</span> <span class='ocrx_word' id='word_1_132' title='bbox 440 1611 588 1677; x_wconf 89' lang='lat' dir='ltr'>homines</span> <span class='ocrx_word' id='word_1_133' title='bbox 612 1613 804 1698; x_wconf 87' lang='lat' dir='ltr'>absterrere,</span> <span class='ocrx_word' id='word_1_134' title='bbox 829 1614 893 1697; x_wconf 89' lang='lat' dir='ltr'>sed,</span> <span class='ocrx_word' id='word_1_135' title='bbox 917 1637 989 1679; x_wconf 91' lang='lat' dir='ltr'>cum</span> <span class='ocrx_word' id='word_1_136' title='bbox 1013 1635 1134 1700; x_wconf 89' lang='lat' dir='ltr'>genera</span> 
     </span>
     <span class='ocr_line' id='line_1_18' title="bbox 124 1699 1133 1787; baseline 0.003 -23"><span class='ocrx_word' id='word_1_137' title='bbox 124 1699 283 1784; x_wconf 88' lang='lat' dir='ltr'>quaedam</span> <span class='ocrx_word' id='word_1_138' title='bbox 296 1701 505 1785; x_wconf 84' lang='lat' dir='ltr'>pecuniarum</span> <span class='ocrx_word' id='word_1_139' title='bbox 519 1699 751 1786; x_wconf 79' lang='lat' dir='ltr'>capiendarum</span> <span class='ocrx_word' id='word_1_140' title='bbox 770 1703 1059 1787; x_wconf 90' lang='lat' dir='ltr'>comprobarimus,</span> <span class='ocrx_word' id='word_1_141' title='bbox 1077 1703 1133 1767; x_wconf 92' lang='lat' dir='ltr'>ho·</span> 
     </span>
     <span class='ocr_line' id='line_1_19' title="bbox 123 1788 1186 1874; baseline -0.001 -22"><span class='ocrx_word' id='word_1_142' title='bbox 123 1792 218 1854; x_wconf 90' lang='lat' dir='ltr'>nesta</span> <span class='ocrx_word' id='word_1_143' title='bbox 244 1788 377 1854; x_wconf 87' lang='lat' dir='ltr'>uomina</span> <span class='ocrx_word' id='word_1_144' title='bbox 403 1789 602 1874; x_wconf 86' lang='lat' dir='ltr'>turpissimis</span> <span class='ocrx_word' id='word_1_145' title='bbox 629 1789 726 1854; x_wconf 90' lang='lat' dir='ltr'>rebus</span> <span class='ocrx_word' id='word_1_146' title='bbox 753 1789 928 1874; x_wconf 88' lang='lat' dir='ltr'>imponere.</span> <span class='ocrx_word' id='word_1_147' title='bbox 973 1789 1115 1872; x_wconf 80' lang='lat' dir='ltr'>Etenim,</span> <span class='ocrx_word' id='word_1_148' title='bbox 1135 1801 1186 1851; x_wconf 78' lang='lat'>143</span> 
     </span>
     <span class='ocr_line' id='line_1_20' title="bbox 125 1873 1133 1963; baseline 0.002 -23"><span class='ocrx_word' id='word_1_149' title='bbox 125 1877 155 1940; x_wconf 88' lang='lat' dir='ltr'>si</span> <span class='ocrx_word' id='word_1_150' title='bbox 173 1874 208 1941; x_wconf 85' lang='lat' dir='ltr'>O.</span> <span class='ocrx_word' id='word_1_151' title='bbox 216 1874 336 1941; x_wconf 89' lang='lat' dir='ltr'>Verres</span> <span class='ocrx_word' id='word_1_152' title='bbox 354 1873 410 1942; x_wconf 85' lang='lat' dir='ltr'>HS</span> <span class='ocrx_word' id='word_1_153' title='bbox 428 1879 456 1942; x_wconf 72' lang='grc' dir='ltr'><strong><em>ὃ</em></strong></span> <span class='ocrx_word' id='word_1_154' title='bbox 473 1877 631 1962; x_wconf 90' lang='lat' dir='ltr'>populum</span> <span class='ocrx_word' id='word_1_155' title='bbox 648 1876 740 1942; x_wconf 83' lang='lat' dir='ltr'>verbi</span> <span class='ocrx_word' id='word_1_156' title='bbox 760 1878 867 1963; x_wconf 87' lang='lat' dir='ltr'>gratia</span> <span class='ocrx_word' id='word_1_157' title='bbox 886 1876 1133 1962; x_wconf 83' lang='lat' dir='ltr'>Centuripinum</span> 
     </span>
     <span class='ocr_line' id='line_1_21' title="bbox 83 1965 1131 2050; baseline 0 -20"><span class='ocrx_word' id='word_1_158' title='bbox 83 1982 111 2023; x_wconf 74' lang='lat'>20</span> <span class='ocrx_word' id='word_1_159' title='bbox 125 1965 328 2049; x_wconf 89' lang='lat' dir='ltr'>poposcisset</span> <span class='ocrx_word' id='word_1_160' title='bbox 351 1986 486 2049; x_wconf 87' lang='lat' dir='ltr'>eamque</span> <span class='ocrx_word' id='word_1_161' title='bbox 509 1966 550 2030; x_wconf 91' lang='lat' dir='ltr'>ab</span> <span class='ocrx_word' id='word_1_162' title='bbox 573 1965 614 2028; x_wconf 91' lang='lat' dir='ltr'>iis</span> <span class='ocrx_word' id='word_1_163' title='bbox 637 1965 807 2050; x_wconf 89' lang='lat' dir='ltr'>pecuniam</span> <span class='ocrx_word' id='word_1_164' title='bbox 831 1965 1034 2049; x_wconf 88' lang='lat' dir='ltr'>abstulisset,</span> <span class='ocrx_word' id='word_1_165' title='bbox 1057 1986 1131 2049; x_wconf 91' lang='lat' dir='ltr'>non,</span> 
     </span>
     <span class='ocr_line' id='line_1_22' title="bbox 124 2053 1132 2139; baseline -0.001 -21"><span class='ocrx_word' id='word_1_166' title='bbox 124 2053 249 2138; x_wconf 92' lang='lat' dir='ltr'>opinor,</span> <span class='ocrx_word' id='word_1_167' title='bbox 267 2056 353 2118; x_wconf 90' lang='lat' dir='ltr'>esset</span> <span class='ocrx_word' id='word_1_168' title='bbox 371 2053 514 2138; x_wconf 90' lang='lat' dir='ltr'>dubium,</span> <span class='ocrx_word' id='word_1_169' title='bbox 533 2053 612 2137; x_wconf 91' lang='lat' dir='ltr'>quin</span> <span class='ocrx_word' id='word_1_170' title='bbox 630 2075 712 2137; x_wconf 91' lang='lat' dir='ltr'>eum,</span> <span class='ocrx_word' id='word_1_171' title='bbox 735 2075 808 2119; x_wconf 89' lang='lat' dir='ltr'>eum</span> <span class='ocrx_word' id='word_1_172' title='bbox 826 2053 860 2118; x_wconf 94' lang='lat' dir='ltr'>id</span> <span class='ocrx_word' id='word_1_173' title='bbox 877 2054 1012 2138; x_wconf 87' lang='lat' dir='ltr'>plenum</span> <span class='ocrx_word' id='word_1_174' title='bbox 1030 2053 1132 2139; x_wconf 88' lang='lat' dir='ltr'>fieret,</span> 
     </span>
     <span class='ocr_line' id='line_1_23' title="bbox 124 2140 1131 2226; baseline 0 -20"><span class='ocrx_word' id='word_1_175' title='bbox 124 2140 333 2207; x_wconf 88' lang='lat' dir='ltr'>condemnari</span> <span class='ocrx_word' id='word_1_176' title='bbox 349 2162 480 2206; x_wconf 90' lang='lat' dir='ltr'>necesse</span> <span class='ocrx_word' id='word_1_177' title='bbox 503 2145 599 2206; x_wconf 90' lang='lat' dir='ltr'>esset.</span> <span class='ocrx_word' id='word_1_178' title='bbox 636 2140 741 2217; x_wconf 78' lang='lat' dir='ltr'>Quid?</span> <span class='ocrx_word' id='word_1_179' title='bbox 765 2141 794 2206; x_wconf 88' lang='lat' dir='ltr'>si</span> <span class='ocrx_word' id='word_1_180' title='bbox 817 2141 952 2206; x_wconf 87' lang='lat' dir='ltr'>eundern</span> <span class='ocrx_word' id='word_1_181' title='bbox 974 2142 1131 2226; x_wconf 90' lang='lat' dir='ltr'>populum</span> 
     </span>
     <span class='ocr_line' id='line_1_24' title="bbox 123 2226 1132 2318; baseline 0 -24"><span class='ocrx_word' id='word_1_182' title='bbox 123 2226 180 2294; x_wconf 84' lang='lat' dir='ltr'>HS</span> <span class='ocrx_word' id='word_1_183' title='bbox 198 2231 244 2294; x_wconf 61' lang='lat' dir='ltr'>&#39;cd</span> <span class='ocrx_word' id='word_1_184' title='bbox 266 2229 416 2314; x_wconf 88' lang='lat' dir='ltr'>poposcit</span> <span class='ocrx_word' id='word_1_185' title='bbox 439 2251 540 2314; x_wconf 88' lang='lat' dir='ltr'>eaque</span> <span class='ocrx_word' id='word_1_186' title='bbox 563 2229 672 2318; x_wconf 71' lang='lat' dir='ltr'>coegit</span> <span class='ocrx_word' id='word_1_187' title='bbox 695 2232 793 2314; x_wconf 89' lang='lat' dir='ltr'>atque</span> <span class='ocrx_word' id='word_1_188' title='bbox 816 2230 964 2314; x_wconf 86' lang='lat' dir='ltr'>abstulit,</span> <span class='ocrx_word' id='word_1_189' title='bbox 985 2251 1064 2294; x_wconf 91' lang='lat' dir='ltr'>num</span> <span class='ocrx_word' id='word_1_190' title='bbox 1086 2229 1132 2294; x_wconf 91' lang='lat' dir='ltr'>id-</span> 
     </span>
     <span class='ocr_line' id='line_1_25' title="bbox 124 2317 1131 2403; baseline 0.003 -20"><span class='ocrx_word' id='word_1_191' title='bbox 124 2317 209 2383; x_wconf 89' lang='lat' dir='ltr'>circo</span> <span class='ocrx_word' id='word_1_192' title='bbox 238 2317 440 2403; x_wconf 85' lang='lat' dir='ltr'>absolvetur,</span> <span class='ocrx_word' id='word_1_193' title='bbox 468 2318 553 2402; x_wconf 90' lang='lat' dir='ltr'>quod</span> <span class='ocrx_word' id='word_1_194' title='bbox 581 2318 759 2403; x_wconf 88' lang='lat' dir='ltr'>ascriptum</span> <span class='ocrx_word' id='word_1_195' title='bbox 787 2320 838 2383; x_wconf 91' lang='lat' dir='ltr'>est</span> <span class='ocrx_word' id='word_1_196' title='bbox 865 2341 935 2384; x_wconf 87' lang='lat' dir='ltr'>eam</span> <span class='ocrx_word' id='word_1_197' title='bbox 961 2319 1131 2402; x_wconf 89' lang='lat' dir='ltr'>pecuniam</span> 
     </span>
     <span class='ocr_line' id='line_1_26' title="bbox 82 2405 1133 2492; baseline 0.001 -22"><span class='ocrx_word' id='word_1_198' title='bbox 82 2421 111 2463; x_wconf 74' lang='lat'>2⁶</span> <span class='ocrx_word' id='word_1_199' title='bbox 124 2405 236 2471; x_wconf 88' lang='lat' dir='ltr'>datam</span> <span class='ocrx_word' id='word_1_200' title='bbox 255 2409 438 2471; x_wconf 87' lang='lat' dir='ltr'>statuarum</span> <span class='ocrx_word' id='word_1_201' title='bbox 456 2405 608 2471; x_wconf 84' lang='lat' dir='ltr'>nomine?</span> <span class='ocrx_word' id='word_1_202' title='bbox 645 2405 730 2492; x_wconf 93' lang='lat' dir='ltr'>Non,</span> <span class='ocrx_word' id='word_1_203' title='bbox 753 2407 882 2492; x_wconf 82' lang='lat' dir='ltr'>opinor3</span> <span class='ocrx_word' id='word_1_204' title='bbox 904 2406 969 2471; x_wconf 92' lang='lat' dir='ltr'>nisi</span> <span class='ocrx_word' id='word_1_205' title='bbox 990 2406 1077 2472; x_wconf 87' lang='lat' dir='ltr'>forte</span> <span class='ocrx_word' id='word_1_206' title='bbox 1099 2406 1133 2471; x_wconf 93' lang='lat' dir='ltr'>id</span> 
     </span>
     <span class='ocr_line' id='line_1_27' title="bbox 124 2493 1132 2580; baseline -0.002 -20"><span class='ocrx_word' id='word_1_207' title='bbox 124 2494 266 2580; x_wconf 86' lang='lat' dir='ltr'>egimus,</span> <span class='ocrx_word' id='word_1_208' title='bbox 297 2515 364 2559; x_wconf 93' lang='lat' dir='ltr'>non</span> <span class='ocrx_word' id='word_1_209' title='bbox 395 2497 433 2559; x_wconf 88' lang='lat' dir='ltr'>ut</span> <span class='ocrx_word' id='word_1_210' title='bbox 464 2493 712 2580; x_wconf 87' lang='lat' dir='ltr'>magistratibus</span> <span class='ocrx_word' id='word_1_211' title='bbox 743 2495 867 2560; x_wconf 89' lang='lat' dir='ltr'>nostris</span> <span class='ocrx_word' id='word_1_212' title='bbox 899 2516 1025 2560; x_wconf 90' lang='lat' dir='ltr'>moram</span> <span class='ocrx_word' id='word_1_213' title='bbox 1053 2495 1132 2560; x_wconf 88' lang='lat' dir='ltr'>acei-</span> 
     </span>
     <span class='ocr_line' id='line_1_28' title="bbox 122 2581 1131 2668; baseline 0.001 -21"><span class='ocrx_word' id='word_1_214' title='bbox 122 2581 249 2668; x_wconf 89' lang='lat' dir='ltr'>piundi,</span> <span class='ocrx_word' id='word_1_215' title='bbox 277 2583 332 2648; x_wconf 89' lang='lat' dir='ltr'>sed</span> <span class='ocrx_word' id='word_1_216' title='bbox 359 2585 398 2647; x_wconf 88' lang='lat' dir='ltr'>ut</span> <span class='ocrx_word' id='word_1_217' title='bbox 425 2582 520 2648; x_wconf 92' lang='lat' dir='ltr'>sociis</span> <span class='ocrx_word' id='word_1_218' title='bbox 544 2603 676 2648; x_wconf 89' lang='lat' dir='ltr'>causam</span> <span class='ocrx_word' id='word_1_219' title='bbox 699 2583 796 2648; x_wconf 88' lang='lat' dir='ltr'>dandi</span> <span class='ocrx_word' id='word_1_220' title='bbox 819 2583 933 2648; x_wconf 85' lang='lat' dir='ltr'>afferre</span> <span class='ocrx_word' id='word_1_221' title='bbox 955 2583 1131 2648; x_wconf 86' lang='lat' dir='ltr'>videamur.</span> 
     </span>
     <span class='ocr_line' id='line_1_29' title="bbox 190 2668 1133 2757; baseline 0.001 -23"><span class='ocrx_word' id='word_1_222' title='bbox 190 2668 313 2746; x_wconf 81' lang='lat' dir='ltr'>Quodsi</span> <span class='ocrx_word' id='word_1_223' title='bbox 340 2692 435 2755; x_wconf 89' lang='lat' dir='ltr'>quem</span> <span class='ocrx_word' id='word_1_224' title='bbox 464 2673 592 2736; x_wconf 89' lang='lat' dir='ltr'>statuae</span> <span class='ocrx_word' id='word_1_225' title='bbox 618 2693 739 2757; x_wconf 87' lang='lat' dir='ltr'>magno</span> <span class='ocrx_word' id='word_1_226' title='bbox 767 2693 864 2757; x_wconf 91' lang='lat' dir='ltr'>opere</span> <span class='ocrx_word' id='word_1_227' title='bbox 892 2672 1067 2755; x_wconf 91' lang='lat' dir='ltr'>delectant,</span> <span class='ocrx_word' id='word_1_228' title='bbox 1100 2674 1133 2735; x_wconf 90' lang='lat' dir='ltr'>et</span> 
     </span>
     <span class='ocr_line' id='line_1_30' title="bbox 125 2758 1133 2845; baseline -0.001 -22"><span class='ocrx_word' id='word_1_229' title='bbox 125 2759 155 2823; x_wconf 88' lang='lat' dir='ltr'>si</span> <span class='ocrx_word' id='word_1_230' title='bbox 167 2759 239 2843; x_wconf 90' lang='lat' dir='ltr'>quis</span> <span class='ocrx_word' id='word_1_231' title='bbox 254 2779 365 2824; x_wconf 88' lang='lat' dir='ltr'>earum</span> <span class='ocrx_word' id='word_1_232' title='bbox 378 2758 502 2826; x_wconf 89' lang='lat' dir='ltr'>honore</span> <span class='ocrx_word' id='word_1_233' title='bbox 521 2762 578 2824; x_wconf 88' lang='lat' dir='ltr'>aut</span> <span class='ocrx_word' id='word_1_234' title='bbox 597 2759 704 2845; x_wconf 87' lang='lat' dir='ltr'>gloria</span> <span class='ocrx_word' id='word_1_235' title='bbox 723 2760 859 2844; x_wconf 80' lang='lat' dir='ltr'>ducitur,</span> <span class='ocrx_word' id='word_1_236' title='bbox 876 2758 905 2823; x_wconf 94' lang='lat' dir='ltr'>is</span> <span class='ocrx_word' id='word_1_237' title='bbox 923 2758 1005 2824; x_wconf 91' lang='lat' dir='ltr'>haec</span> <span class='ocrx_word' id='word_1_238' title='bbox 1022 2763 1133 2822; x_wconf 89' lang='lat' dir='ltr'>tamen</span> 
     </span>
     <span class='ocr_line' id='line_1_31' title="bbox 82 2846 1132 2932; baseline 0.004 -26"><span class='ocrx_word' id='word_1_239' title='bbox 82 2863 110 2906; x_wconf 81' lang='lat' dir='ltr'>eo</span> <span class='ocrx_word' id='word_1_240' title='bbox 124 2847 303 2912; x_wconf 87' lang='lat' dir='ltr'>const&#39;tuat</span> <span class='ocrx_word' id='word_1_241' title='bbox 316 2869 447 2912; x_wconf 89' lang='lat' dir='ltr'>necesse</span> <span class='ocrx_word' id='word_1_242' title='bbox 461 2851 521 2932; x_wconf 89' lang='lat' dir='ltr'>est,</span> <span class='ocrx_word' id='word_1_243' title='bbox 538 2847 680 2932; x_wconf 91' lang='lat' dir='ltr'>primum</span> <span class='ocrx_word' id='word_1_244' title='bbox 695 2848 799 2913; x_wconf 84' lang='lat' dir='ltr'>averti</span> <span class='ocrx_word' id='word_1_245' title='bbox 812 2847 981 2932; x_wconf 88' lang='lat' dir='ltr'>pecuniam</span> <span class='ocrx_word' id='word_1_246' title='bbox 1000 2846 1132 2911; x_wconf 91' lang='lat' dir='ltr'>domum</span> 
     </span>
     <span class='ocr_line' id='line_1_32' title="bbox 122 2933 1132 3020; baseline -0.003 -20"><span class='ocrx_word' id='word_1_247' title='bbox 122 2956 189 3000; x_wconf 93' lang='lat' dir='ltr'>non</span> <span class='ocrx_word' id='word_1_248' title='bbox 208 2936 346 3020; x_wconf 91' lang='lat' dir='ltr'>placere,</span> <span class='ocrx_word' id='word_1_249' title='bbox 369 2935 483 3001; x_wconf 91' lang='lat' dir='ltr'>deinde</span> <span class='ocrx_word' id='word_1_250' title='bbox 505 2936 651 3020; x_wconf 91' lang='lat' dir='ltr'>ipsarum</span> <span class='ocrx_word' id='word_1_251' title='bbox 674 2939 857 3000; x_wconf 88' lang='lat' dir='ltr'>statuarum</span> <span class='ocrx_word' id='word_1_252' title='bbox 881 2933 1013 2999; x_wconf 88' lang='lat' dir='ltr'>modum</span> <span class='ocrx_word' id='word_1_253' title='bbox 1037 2955 1132 3018; x_wconf 92' lang='lat' dir='ltr'>quen-</span> 
     </span>
     <span class='ocr_line' id='line_1_33' title="bbox 123 3021 1133 3108; baseline -0.003 -20"><span class='ocrx_word' id='word_1_254' title='bbox 123 3024 198 3088; x_wconf 89' lang='lat' dir='ltr'>dam</span> <span class='ocrx_word' id='word_1_255' title='bbox 218 3045 288 3088; x_wconf 93' lang='lat' dir='ltr'>esse</span> <span class='ocrx_word' id='word_1_256' title='bbox 307 3027 467 3108; x_wconf 89' lang='lat' dir='ltr'>oportere,</span> <span class='ocrx_word' id='word_1_257' title='bbox 491 3024 604 3089; x_wconf 88' lang='lat' dir='ltr'>deinde</span> <span class='ocrx_word' id='word_1_258' title='bbox 622 3024 713 3106; x_wconf 88' lang='lat' dir='ltr'>illud,</span> <span class='ocrx_word' id='word_1_259' title='bbox 736 3027 824 3089; x_wconf 86' lang='lat' dir='ltr'>certe</span> <span class='ocrx_word' id='word_1_260' title='bbox 847 3023 888 3087; x_wconf 89' lang='lat' dir='ltr'>ab</span> <span class='ocrx_word' id='word_1_261' title='bbox 911 3021 1022 3086; x_wconf 86' lang='lat' dir='ltr'>invitis</span> <span class='ocrx_word' id='word_1_262' title='bbox 1046 3022 1133 3108; x_wconf 83' lang='lat' dir='ltr'>exigi</span> 
     </span>
     <span class='ocr_line' id='line_1_34' title="bbox 121 3080 1186 3206; baseline -0.003 -30"><span class='ocrx_word' id='word_1_263' title='bbox 121 3133 188 3177; x_wconf 92' lang='lat' dir='ltr'>non</span> <span class='ocrx_word' id='word_1_264' title='bbox 215 3116 375 3197; x_wconf 90' lang='lat' dir='ltr'>oportere.</span> <span class='ocrx_word' id='word_1_265' title='bbox 420 3112 531 3178; x_wconf 85' lang='lat' dir='ltr'>Aede</span> <span class='ocrx_word' id='word_1_266' title='bbox 555 3113 730 3178; x_wconf 88' lang='lat' dir='ltr'>avertenda</span> <span class='ocrx_word' id='word_1_267' title='bbox 752 3111 889 3196; x_wconf 89' lang='lat' dir='ltr'>pecunia</span> <span class='ocrx_word' id='word_1_268' title='bbox 912 3131 1031 3194; x_wconf 90' lang='lat' dir='ltr'>quaero</span> <span class='ocrx_word' id='word_1_269' title='bbox 1055 3111 1113 3174; x_wconf 90' lang='lat' dir='ltr'>abs</span> <span class='ocrx_word' id='word_1_270' title='bbox 1135 3080 1186 3206; x_wconf 66' lang='lat' dir='ltr'>ill</span> 
     </span>
     <span class='ocr_line' id='line_1_35' title="bbox 122 3198 1132 3285; baseline -0.002 -21"><span class='ocrx_word' id='word_1_271' title='bbox 122 3203 169 3283; x_wconf 87' lang='lat' dir='ltr'>te,</span> <span class='ocrx_word' id='word_1_272' title='bbox 196 3203 307 3266; x_wconf 89' lang='lat' dir='ltr'>utrum</span> <span class='ocrx_word' id='word_1_273' title='bbox 334 3200 424 3285; x_wconf 83' lang='lat' dir='ltr'>ipsae</span> <span class='ocrx_word' id='word_1_274' title='bbox 450 3201 599 3266; x_wconf 83' lang='lat' dir='ltr'>civitates</span> <span class='ocrx_word' id='word_1_275' title='bbox 623 3200 739 3265; x_wconf 86' lang='lat' dir='ltr'>solitae</span> <span class='ocrx_word' id='word_1_276' title='bbox 763 3198 829 3263; x_wconf 90' lang='lat' dir='ltr'>sint</span> <span class='ocrx_word' id='word_1_277' title='bbox 852 3203 978 3264; x_wconf 89' lang='lat' dir='ltr'>statuas</span> <span class='ocrx_word' id='word_1_278' title='bbox 1001 3198 1064 3263; x_wconf 93' lang='lat' dir='ltr'>tibi</span> <span class='ocrx_word' id='word_1_279' title='bbox 1085 3198 1132 3262; x_wconf 81' lang='lat' dir='ltr'>fa-</span> 
     </span>
     <span class='ocr_line' id='line_1_36' title="bbox 81 3287 1132 3374; baseline -0.003 -20"><span class='ocrx_word' id='word_1_280' title='bbox 81 3305 108 3346; x_wconf 71' lang='lat' dir='ltr'>re</span> <span class='ocrx_word' id='word_1_281' title='bbox 123 3287 252 3354; x_wconf 90' lang='lat' dir='ltr'>ciendas</span> <span class='ocrx_word' id='word_1_282' title='bbox 274 3291 382 3355; x_wconf 87' lang='lat' dir='ltr'>locare</span> <span class='ocrx_word' id='word_1_283' title='bbox 406 3289 448 3374; x_wconf 90' lang='lat' dir='ltr'>ei,</span> <span class='ocrx_word' id='word_1_284' title='bbox 475 3289 527 3354; x_wconf 91' lang='lat' dir='ltr'>eui</span> <span class='ocrx_word' id='word_1_285' title='bbox 549 3293 684 3374; x_wconf 89' lang='lat' dir='ltr'>possent</span> <span class='ocrx_word' id='word_1_286' title='bbox 706 3288 831 3372; x_wconf 89' lang='lat' dir='ltr'>optima</span> <span class='ocrx_word' id='word_1_287' title='bbox 853 3287 1052 3371; x_wconf 90' lang='lat' dir='ltr'>condicione,</span> <span class='ocrx_word' id='word_1_288' title='bbox 1076 3290 1132 3353; x_wconf 88' lang='lat' dir='ltr'>aut</span> 
     </span>
     <span class='ocr_line' id='line_1_37' title="bbox 122 3375 1131 3463; baseline 0 -21"><span class='ocrx_word' id='word_1_289' title='bbox 122 3376 265 3461; x_wconf 87' lang='lat' dir='ltr'>aliquem</span> <span class='ocrx_word' id='word_1_290' title='bbox 283 3381 528 3462; x_wconf 89' lang='lat' dir='ltr'>procuratorem</span> <span class='ocrx_word' id='word_1_291' title='bbox 547 3377 729 3463; x_wconf 88' lang='lat' dir='ltr'>praeficere,</span> <span class='ocrx_word' id='word_1_292' title='bbox 753 3378 809 3460; x_wconf 91' lang='lat' dir='ltr'>qui</span> <span class='ocrx_word' id='word_1_293' title='bbox 832 3375 949 3441; x_wconf 85' lang='lat' dir='ltr'>statuis</span> <span class='ocrx_word' id='word_1_294' title='bbox 971 3376 1131 3442; x_wconf 83' lang='lat' dir='ltr'>faciundis</span> 
     </span>
     <span class='ocr_line' id='line_1_38' title="bbox 120 3464 1131 3552; baseline 0.001 -22"><span class='ocrx_word' id='word_1_295' title='bbox 120 3469 296 3552; x_wconf 88' lang='lat' dir='ltr'>praeesset,</span> <span class='ocrx_word' id='word_1_296' title='bbox 320 3488 362 3531; x_wconf 89' lang='lat' dir='ltr'>an</span> <span class='ocrx_word' id='word_1_297' title='bbox 381 3465 452 3552; x_wconf 86' lang='lat' dir='ltr'>tibi,</span> <span class='ocrx_word' id='word_1_298' title='bbox 472 3470 532 3531; x_wconf 81' lang='lat' dir='ltr'>&#39;aut</span> <span class='ocrx_word' id='word_1_299' title='bbox 555 3465 606 3531; x_wconf 87' lang='lat' dir='ltr'>cui</span> <span class='ocrx_word' id='word_1_300' title='bbox 629 3466 666 3529; x_wconf 88' lang='lat' dir='ltr'>tu</span> <span class='ocrx_word' id='word_1_301' title='bbox 687 3464 898 3550; x_wconf 88' lang='lat' dir='ltr'>imperasses,</span> <span class='ocrx_word' id='word_1_302' title='bbox 920 3464 1131 3531; x_wconf 88' lang='lat' dir='ltr'>adnumerare</span> 
     </span>
    </p>
   </div>
   <div class='ocr_carea' id='block_1_3' title="bbox 0 0 1296 3882">
    <p class='ocr_par' dir='ltr' id='par_1_3' title="bbox 0 0 1296 3882">
     <span class='ocr_line' id='line_1_39' title="bbox 0 0 1296 3882; baseline 0 0"><span class='ocrx_word' id='word_1_303' title='bbox 0 0 1296 3882; x_wconf 95' lang='lat' dir='ltr'> </span> 
     </span>
    </p>
   </div>
  </div>
 </body>
</html>
