2558 3884
153 159 218 225 29ss
453 155 492 210 ΙΝ
512 155 541 212 G.
555 153 711 209 VERREM
728 153 806 210 Aur.
825 154 859 209 H.

153 307 262 370 autem
290 301 372 368 alios
400 304 433 366 et
459 300 638 382 verberari,
664 321 762 385 porro
791 299 873 365 alios
898 298 934 364 in
956 301 1093 385 publico
1118 323 1174 366 cu·

153 390 280 474 stodiri,
304 390 375 454 dest
361 389 437 453 titui
457 389 571 454 alios
562 411 597 452 m
620 388 783 472 convivio,
806 388 1016 454 condemnari
1040 389 1126 454 alios
1150 412 1174 452 a

151 479 343 545 medicoet
311 498 535 562 epraecone
565 498 644 561 prae
646 476 741 560 toris3
778 476 865 541 bona
896 481 1009 542 tamen
1040 477 1172 542 interea

151 568 255 633 nihilo
274 566 381 630 minus
400 587 511 630 eorum
531 565 674 630 omnium
694 586 732 629 ex
751 565 840 665 agris
859 565 980 630 auferri
999 587 1037 630 ac
1060 566 1171 650 diripi.

153 656 236 732 Quid
264 658 315 720 est
337 654 421 720 hoc?
453 654 568 739 populi
589 652 760 718 Romani
751 654 937 737 mperium,
952 654 1080 755 populi
1103 653 1169 718 Ro·
1184 671 1199 713 s

152 743 241 809 mani
264 744 367 829 leges,
395 741 548 806 iudicia
536 763 571 806 ιιι
594 741 698 806 socios
721 741 840 825 fidelis,
867 741 1069 826 provinciam
1093 743 1170 806 sub

152 832 334 898 urbanam?
370 851 477 896 nonne
505 829 614 894 omnia
640 829 750 914 potius
778 829 846 894 eius
873 830 975 913 modi,
1008 851 1106 914 quae,
1139 831 1171 894 si

153 920 296 986 Athenio
325 922 395 1000 [rex
420 918 648 1004 fugitivorum]
672 917 817 1001 vicisset,
843 917 878 982 in
901 917 1012 982 Sicilia
1033 939 1101 983 non
1123 917 1170 982 fe

154 1009 274 1076 risset?
323 1007 412 1091 Non,
447 1008 580 1090 inquam
613 1005 748 1089 iudices,
785 1010 871 1070 esset
902 1007 1005 1070 ullam
1037 1011 1170 1092 partem

153 1099 249 1162 istius
272 1097 437 1180 nequitiae
460 1095 675 1181 fugitivorum
697 1094 873 1159 insolentia
895 1098 1077 1160 consecuta
1185 1115 1213 1155 ιι

101 1183 143 1247 27
220 1185 380 1250 Privatim
404 1183 467 1248 hoc
489 1183 599 1266 modo,
623 1182 722 1266 quid?
754 1182 883 1267 publice
907 1183 1059 1248 civitates
1084 1186 1169 1248 trac-

153 1279 243 1339 tatae
279 1294 375 1357 quem
412 1271 452 1337 ad
489 1271 621 1336 modum
659 1271 757 1335 sunt?
806 1269 955 1335 Audistis
991 1271 1168 1356 permulta,

153 1363 287 1444 iudices,
316 1359 506 1424 testimonia
533 1359 703 1424 civitatum
731 1361 764 1422 et
791 1359 990 1441 reliquarum
1018 1359 1170 1425 audietis.

99 1453 135 1503 ⁶⁷
155 1449 203 1514 Ac
235 1448 376 1533 primum
409 1448 447 1511 de
475 1447 673 1533 Agyrinensi
703 1447 825 1530 populo
857 1447 946 1511 fideli
974 1450 1007 1512 et
1033 1447 1170 1512 inlustri

154 1537 297 1601 breviter
311 1535 506 1620 cognoscite.
539 1534 753 1621 Agyrinensis
773 1538 823 1598 est
841 1535 876 1599 in
892 1535 1009 1620 primis
1027 1535 1169 1601 honesta
1186 1555 1212 1596 ιι

155 1623 284 1690 Siciliae
312 1624 427 1689 civitas
454 1623 623 1688 hominum
652 1627 726 1687 ante
754 1622 840 1687 hune
866 1627 1052 1707 praetorem
1078 1624 1169 1689 locu-

154 1713 292 1799 pletium
311 1732 575 1795 summorumque
598 1715 773 1776 aratorum.
813 1709 894 1775 Eius
918 1711 990 1796 agri
1014 1712 1167 1778 decumas

155 1824 228 1867 cum
247 1801 379 1866 emisset
396 1799 482 1864 idem
497 1799 671 1884 Apronius,
693 1799 854 1884 Agyrium
872 1797 971 1864 yenit.
1008 1799 1072 1876 Qui
1094 1823 1168 1866 cum

155 1889 396 1975 apparitoribus
428 1910 465 1953 eo
493 1910 567 1952 cum
596 1888 630 1952 vi
658 1909 694 1952 ac
722 1887 819 1952 minis
847 1887 1002 1970 venisset,
1033 1909 1168 1973 poscere

154 1979 324 2063 pecuniam
344 1976 498 2063 grandem
519 1977 634 2060 coepit,
656 1979 693 2039 ut
712 1979 843 2061 accepto
862 1977 952 2042 lucro
974 1975 1168 2062 discederet,
1183 1997 1213 2038 ao

154 2068 243 2131 nolle
263 2087 296 2130 se
314 2065 440 2151 negotii
459 2064 630 2148 quicquam
650 2064 771 2129 habere
794 2064 931 2148 dicebat,
953 2064 1010 2128 sed
1034 2070 1169 2150 accepta

155 2155 292 2238 pecunia
309 2154 394 2218 velle
414 2153 671 2237 quamprimum
690 2151 789 2216 aliam
810 2153 976 2217 civitatem
999 2174 1168 2238 occupare

156 2239 239 2306 Sunt
267 2263 378 2306 omnes
401 2238 502 2306 Siculi
528 2262 594 2305 non
621 2240 859 2322 contemnendi,
893 2240 921 2306 si
947 2263 1006 2325 per
1034 2247 1168 2307 nostros

156 2330 369 2414 magistratus
384 2329 490 2412 liceat,
509 2329 564 2393 sed
577 2329 725 2394 homines
739 2331 774 2392 et
787 2329 868 2392 satis
881 2328 984 2394 fortes
1003 2333 1038 2393 et
1057 2331 1167 2412 [satis]

155 2418 252 2502 plane
279 2417 367 2504 frugi
395 2439 433 2482 ac
460 2417 573 2500 sobrii,
600 2420 633 2480 et
659 2417 695 2480 in
720 2415 835 2502 primis
862 2416 942 2481 haec
968 2416 1101 2502 civitas,
1129 2418 1168 2484 de
1181 2437 1208 2478 ra

102 2515 136 2567 ou
157 2526 221 2589 qua
244 2507 373 2590 loquor,
398 2505 527 2570 iudices.
567 2504 682 2589 Itaque
704 2504 831 2568 homini
850 2505 1097 2589 improbissimo
1120 2529 1169 2571 re

156 2594 317 2679 spondent
353 2593 573 2679 Agyrinenses
613 2614 683 2658 sese
721 2592 872 2657 decumas
910 2592 952 2676 ei,
991 2614 1090 2677 quem
1126 2595 1169 2660 ad

155 2683 288 2747 modum
316 2682 482 2764 deberent,
515 2681 663 2763 daturos,
679 2681 831 2764 lucrum,
858 2701 932 2746 cum
958 2681 1016 2746 ille
1045 2704 1168 2769 magno

155 2770 348 2854 praesertim
362 2769 503 2853 emisset,
520 2791 588 2834 non
601 2769 777 2834 addituros.
807 2768 972 2852 Apronius
992 2771 1168 2836 certiorem

103 2855 145 2919 28
154 2859 235 2925 facit
249 2860 358 2940 istum,
377 2857 450 2922 cuia
465 2879 517 2922 res
537 2861 614 2921 erat.
647 2855 776 2940 Statim,
795 2860 964 2941 tamquam
983 2858 1168 2926 coniuratio
1181 2877 1208 2918 ιο

157 2949 267 3032 aliqua
289 2945 395 3032 Agyri
422 2949 536 3010 contra
562 2967 632 3010 rem
655 2945 820 3030 publicam
842 2945 931 3010 facta
954 2949 1013 3011 aut
1034 2947 1168 3033 legatus

155 3035 316 3120 praetoris
348 3035 498 3119 pulsatus
531 3037 629 3116 esset,
661 3034 709 3098 ita
735 3033 860 3119 Agyrio
889 3034 1107 3119 magistratus
1136 3041 1169 3101 et

156 3125 297 3208 quinque
317 3123 415 3206 primi
438 3121 543 3188 accitu
565 3122 660 3185 istius
684 3125 868 3186 evocantur.
903 3121 1049 3186 Veniunt
1073 3121 1169 3208 Syra·

156 3233 263 3295 cusas,
289 3214 421 3296 praesto
450 3214 500 3274 est
527 3209 704 3294 Apronius3
738 3210 785 3273 ait
812 3231 867 3274 eos
894 3209 997 3294 ipsos,
1030 3213 1089 3294 qui
1116 3235 1168 3278 ve·

154 3299 288 3378 nissent,
312 3302 387 3362 cont
389 3320 426 3362 ra
373 3297 584 3362 tedictum
603 3301 696 3382 praet
698 3297 763 3361 oris
783 3297 907 3362 fecisse.
949 3297 1168 3384 Quaerebant,
1181 3316 1206 3358 ιι

156 3384 248 3464 quid.
280 3347 511 3484 'Respondebat
530 3405 564 3449 se
583 3385 624 3448 ad
642 3389 884 3469 recuperatores
904 3405 974 3450 esse
994 3386 1168 3454 dicturum.

154 3466 222 3531 Istc
241 3470 453 3550 aequissimus
473 3471 571 3535 homo
589 3471 795 3536 formidinem
812 3472 906 3536 illam
925 3494 1018 3538 suam
1036 3475 1168 3540 miseris
