2564 3876
182 172 226 237 50
350 169 422 225 PRO
442 169 518 226 SEX.
537 169 668 226 ROSCIO
688 169 856 225 AMERINO
876 169 1022 226 ORATIO.

181 315 341 398 videmus3
367 337 427 380 vos
455 318 564 380 autem
587 315 726 380 maxime
749 315 874 380 debetis
897 315 932 379 in
955 337 1010 380 eos
1033 315 1195 401 impetum

180 403 300 487 faeere,
332 403 389 488 qui
415 407 588 469 merentur.
633 403 704 468 Hoe
730 403 852 488 populo
881 403 1107 489 gratissimum
1134 408 1196 469 est.

180 490 320 576 Deinde,
347 491 375 556 si
401 492 533 576 voletis,
560 492 660 557 etiam
687 496 771 573 tum,
799 513 872 556 eum
899 491 969 557 veri
996 492 1104 556 simile
1130 492 1197 557 erit

181 579 324 663 aliquem
351 580 565 663 commisisse,
592 581 627 644 in
654 580 835 664 suspicione
862 580 1033 664 latratote;
1060 579 1095 645 id
1117 601 1198 664 quo-

182 689 245 752 que
262 667 394 733 eonoedi
411 672 531 753 potest.
571 666 629 733 Sin
647 671 756 732 autem
779 667 826 732 sio
849 668 964 754 agetis,
986 673 1023 732 ut
1045 670 1223 755 arguatiss

182 755 324 840 aliquem
356 760 497 841 patrem'
511 756 665 822 occidisse
691 777 795 840 neque
824 755 928 821 dicere
955 757 1104 840 possitis,
1137 761 1198 822 ant

182 845 772 1018 erratissimus
791 844 892 998 tlt
915 844 1198 1017 idithim&

1093 983 1101 1016 5

182 1021 210 1086 si
238 1043 300 1108 ego
326 984 387 1086 his
416 1021 498 1086 bene
521 1021 612 1104 novi,
638 1020 785 1086 litteram
806 1021 913 1104 illam,
936 1021 987 1086 eui
1009 1042 1069 1086 vos
1092 1042 1198 1106 usque

183 1131 221 1174 eo
252 1109 375 1174 inimici
407 1109 500 1194 estis,
531 1113 568 1174 ut
601 1109 700 1174 etiam
729 1105 802 1173 Kal.
829 1109 934 1174 omnis
965 1109 1114 1192 oderitis,
1144 1110 1197 1174 ita
1210 1126 1235 1167 ιο

182 1198 389 1263 vehementer
423 1198 464 1263 ad
496 1199 594 1282 eaput
625 1197 782 1283 adfigent,
815 1201 852 1262 ut
883 1201 999 1281 postea
1027 1198 1197 1264 neminem

183 1285 284 1350 alium
306 1285 370 1349 nisi
391 1284 541 1350 fortunas
563 1290 691 1350 vestras
715 1306 865 1350 accusare
888 1286 1032 1369 possitis.

129 1344 171 1470 ἓξ
249 1371 332 1448 Quid
346 1372 427 1438 mihi
441 1374 482 1438 ad
501 1373 734 1439 defendendum
753 1373 879 1456 dedisti,
897 1372 982 1438 bone
1000 1375 1196 1440 aecusator?

183 1460 259 1545 quid
273 1460 361 1525 hisee
380 1465 490 1526 antem
508 1462 549 1526 ad
568 1461 820 1546 suspicandum?
853 1459 915 1526 ‘Ne
934 1462 1196 1546 exheredaretur,

182 1548 303 1614 veritus
327 1545 400 1614 est'
440 1549 557 1633 Audio,
581 1551 637 1616 sed
655 1572 720 1636 qua
738 1550 777 1615 de
795 1571 893 1615 eausa
911 1550 1015 1615 vereri
1035 1549 1196 1634 debuerit,
1211 1568 1234 1608 1⁵

117 1657 120 1661 ·
180 1658 277 1703 nemo
306 1637 391 1703 dieit.
433 1637 602 1703 ‘Habebat
625 1642 720 1724 pater
742 1638 778 1703 in
799 1637 929 1703 animo?
969 1638 1112 1704 Planum
1134 1639 1197 1706 fae

181 1724 274 1790 Nihil
306 1729 370 1810 est,
400 1748 481 1812 non,
508 1727 638 1811 quieum
666 1726 866 1809 deliberarit,
898 1748 995 1811 quem
1022 1728 1197 1793 certiorem

181 1813 308 1898 feeerit,
330 1814 414 1879 unde
432 1814 521 1880 istud
537 1815 632 1881 vobis
656 1815 814 1899 suspicari
835 1815 870 1879 in
893 1819 1035 1880 mentem
1059 1816 1197 1882 venerit.
1275 1875 1276 1878 ,

183 1900 267 1968 (lum
283 1903 345 1968 hoe
364 1903 459 1968 modo
479 1925 620 1985 aoensas,
637 1902 743 1986 Eruci,
762 1924 870 1968 nonne
888 1903 950 1969 hoa
968 1904 1081 1988 palam
1100 1904 1195 1970 dieis:
1275 1896 1276 1919 ¹

183 1990 266 2077 ‘Ego
286 1991 363 2075 quid
386 1993 577 2076 acceperim,
600 1993 680 2074 seio,
703 1991 781 2076 quid
804 1991 923 2075 dicam,
945 1992 1068 2076 nesoi03
1093 2015 1195 2058 unum
1208 2011 1233 2050 ²⁰

181 2079 264 2143 illud
283 2080 436 2163 spectavi,
459 2080 544 2163 quod
564 2077 796 2167 Chrysogonus
815 2080 933 2162 aiebat,
954 2080 1120 2145 neminem
1137 2082 1196 2147 isti

107 2223 111 2228 ,,
182 2169 357 2250 patronum
387 2166 547 2252 futurum3
579 2167 618 2232 de
645 2168 804 2234 honorum
831 2168 996 2253 emptione
1023 2168 1129 2253 deque
1156 2192 1196 2235 ea

183 2253 337 2318 societate
368 2255 531 2320 neminem
564 2277 634 2321 esse
667 2256 724 2341 qui
754 2256 889 2321 verbnm
920 2256 1026 2321 faeere
1059 2257 1196 2322 auderet

182 2339 244 2406 hoe
263 2341 444 2427 tempore'?
469 2342 559 2408 Haeo
577 2347 611 2408 te
630 2344 739 2429 opinio
757 2343 843 2409 falsa
865 2343 900 2408 in
921 2344 1020 2408 istam
1043 2344 1194 2412 fraudem
1273 2407 1274 2428 ,

181 2429 326 2514 impulit3
343 2451 409 2495 non
423 2431 622 2498 mehercules
640 2432 775 2498 verbum
792 2432 934 2515 fecisses,
952 2432 981 2496 ai
998 2432 1062 2498 tibi
1082 2455 1195 2516 quem·
1209 2454 1233 2492 rs
1273 2429 1274 2476 ἕ

182 2539 280 2601 quam
302 2539 533 2603 responsurum
556 2523 714 2606 putasses.
1273 2537 1274 2617 l

130 2615 162 2664 59
249 2604 373 2690 Operae
405 2608 546 2693 pretinm
574 2613 657 2694 erat,
689 2609 717 2674 si
744 2609 1033 2693 animadvertistis,
1060 2609 1195 2695 iudices,

181 2694 424 2781 neglegentiam
455 2696 523 2762 eius
551 2697 586 2762 in
613 2697 792 2762 aoeusando
819 2697 1032 2762 considerare.
1078 2695 1195 2784 Credo,

181 2805 254 2848 oum
273 2783 416 2868 vidisset,
440 2785 496 2868 qui
513 2784 662 2850 homines
680 2785 715 2849 in
732 2784 821 2850 hisee
845 2785 1009 2850 subselliis
1033 2786 1195 2872 sederent,

182 2871 360 2956 quaesisse,
386 2894 463 2937 num
492 2873 549 2937 ille
577 2875 634 2937 aut
658 2873 715 2937 ille
739 2873 926 2939 defensurus
949 2877 1048 2958 esset,
1077 2875 1118 2940 de
1142 2899 1194 2942 me
1207 2894 1232 2934 ω

180 2981 221 3024 na
240 2959 440 3044 suspicatum
459 2960 588 3046 quidem
607 2983 686 3044 esse,
709 2961 794 3045 quod
813 2966 910 3028 antea
932 2983 1063 3028 oausam
1087 2963 1196 3049 publi·

181 3069 252 3113 eam
282 3048 408 3113 nullam
440 3048 584 3113 dixerim.
633 3048 851 3133 Posteaquam
877 3050 1002 3116 invenit
1024 3051 1196 3119 neminem

181 3157 301 3219 eorum,
325 3135 381 3219 qui
402 3140 541 3222 possunt
563 3140 597 3202 et
620 3138 736 3222 solent,
757 3138 806 3203 ita
827 3140 1004 3225 neglegens
1028 3161 1101 3205 esse
1125 3163 1195 3208 eoe

179 3223 242 3308 pit,
270 3227 320 3307 nt,
348 3246 421 3289 aum
448 3225 483 3289 in
505 3229 647 3290 mentem
670 3226 796 3292 veniret
819 3227 861 3310 ei,
884 3227 1053 3311 resideret,
1077 3229 1194 3295 deinde
1271 3231 1272 3315 l

180 3311 392 3396 spatiaretur,
427 3334 494 3377 non
528 3335 706 3398 numquam
743 3315 841 3379 etiam
877 3337 1013 3400 puerum
1049 3321 1194 3403 voearet,
1207 3333 1231 3376 ³⁵

180 3398 288 3480 credo,
320 3399 371 3464 oui
397 3420 510 3464 aenam
537 3401 726 3487 imperaret,
752 3424 885 3488 prorsus
913 3407 951 3469 ut
977 3407 1089 3470 restro
1117 3428 1194 3472 eon-

180 3503 271 3547 sessu
285 3489 318 3548 et
332 3485 394 3550 hoo
408 3491 569 3553 conventu
581 3512 641 3577 pro
656 3511 783 3556 summa
799 3491 972 3556 solitudine
991 3491 1194 3560 abuteretur.
