2558 3884
171 179 238 244 264
471 175 511 229 IN
530 175 558 230 Ο.
578 174 733 230 VERREM
750 174 830 230 AOT.
849 175 883 230 ll.

171 322 394 404 removissent,
416 324 546 385 tantum
565 341 695 403 possem
715 320 806 384 inte
829 319 943 403 dicere,
967 324 1128 405 quantum
1150 323 1187 387 in

170 409 291 474 litteris
309 409 518 492 invenissem3
539 430 626 473 nunc
647 410 776 473 decreto
798 408 864 473 isto
886 407 976 474 facto
999 410 1186 495 litterisque

170 497 305 563 remotis
333 501 463 561 tantum
490 496 572 562 mihi
598 497 676 563 lieet
703 496 822 580 dicere,
852 502 1012 581 quantum
1041 520 1183 583 possum,

170 590 301 651 tantum
318 585 416 650 iudici
435 585 601 669 suspicari,
623 589 782 670 quantum
800 585 889 651 velit.
925 585 1007 651 Dico
1027 591 1061 651 te
1085 589 1183 652 maxi-

171 697 261 740 mum
279 674 406 758 pondus
425 674 505 756 auri,
524 675 660 759 argenti,
679 674 796 757 eboris,
814 695 985 758 purpurae,
1006 676 1210 758 plurimam

171 767 296 829 vestem
313 762 527 846 Melitensem,
550 763 726 846 plurimam
745 762 938 848 stragulam,
961 764 1103 828 multam
1123 765 1184 828 De

171 852 289 917 liacam
309 851 552 935 supellectilem,
570 851 712 934 plurima
730 873 809 916 vasa
827 849 1007 935 Corinthia,
1028 874 1185 938 magnum

171 963 341 1005 numerum
358 939 523 1022 frumenti,
541 939 608 1004 vim
627 940 734 1003 mellis
753 939 929 1004 maximam
943 938 1116 1024 Syracusis
1134 964 1185 1006 ex·

171 1033 333 1114 portasse3
347 1028 468 1112 hispro
480 1027 577 1092 rebus
590 1028 871 1111 quodpertorium
881 1050 947 1093 non
959 1034 1049 1094 esset
1064 1029 1186 1114 datum,

172 1118 300 1183 litteras
324 1117 364 1182 ad
388 1116 492 1181 socios
516 1115 643 1181 misisse
666 1115 701 1180 L.
720 1115 925 1199 Canuleium,
949 1117 1006 1201 qui
1029 1118 1064 1181 in
1082 1113 1187 1202 'portu
1200 1137 1223 1174 ιο

124 1221 171 1270 tw
190 1227 305 1290 operas
331 1205 432 1269 daret.
473 1202 602 1269 Satisne
625 1226 781 1290 magnum
804 1205 926 1269 crimen
947 1204 1011 1271 hoc
1036 1206 1187 1271 videtur?

171 1293 318 1376 Nullum,
341 1293 468 1376 opiner,
491 1293 605 1357 maius.
651 1291 713 1368 Qui
735 1293 769 1357 id
792 1292 940 1357 defendet
962 1291 1187 1360 Hortensius?

171 1380 367 1464 postulabit,
394 1384 431 1445 ut
454 1381 582 1446 litteras
607 1378 742 1445 Canulei
766 1381 945 1465 proferam,
968 1383 1094 1447 crimen
1118 1384 1187 1448 eius

171 1469 259 1533 modi
269 1469 334 1533 nisi
345 1468 466 1533 litteris
479 1469 696 1552 confirmetur,
706 1470 802 1534 inane
814 1491 884 1534 esse
897 1470 1004 1535 dicet?
1024 1469 1187 1537 Glamsbo

171 1556 299 1622 litteras
314 1562 456 1622 remotae
471 1579 541 1622 esse
556 1557 594 1621 de
609 1557 724 1641 medic,
743 1557 870 1622 decreto
890 1559 1054 1624 sociorum
1073 1564 1188 1645 erepta
1201 1577 1225 1618 1⁵

172 1646 255 1710 mihi
273 1667 343 1710 esse
361 1646 456 1710 istius
475 1645 594 1710 indicia
618 1667 655 1711 ac
677 1650 888 1711 monumenta
909 1646 1085 1714 furtorum.
1118 1652 1188 1714 Aut

172 1733 234 1800 hoc
261 1734 436 1800 contendat
463 1755 639 1817 numquam
663 1755 733 1798 esse
755 1734 879 1799 factum
902 1740 959 1798 aut
983 1737 1097 1801 omnia
1120 1738 1188 1802 tela

173 1823 313 1907 excipiat
330 1843 460 1889 necesse
479 1825 538 1886 est.
574 1821 684 1908 Negas
704 1844 775 1886 esse
792 1822 937 1887 factum?
969 1821 1086 1889 Placet
1106 1826 1188 1890 mihi

171 1911 237 1976 ista
256 1911 413 1994 defensi03
432 1910 601 1994 descendo,
625 1932 727 1994 aequa
746 1911 832 1975 enim
850 1912 1025 1996 contentio,
1045 1936 1188 1998 aequum

172 2004 336 2064 certamen
363 1998 564 2084 proponitur.
605 1998 785 2064 Producam
811 2003 926 2083 testes,
949 2004 983 2064 et
1005 2002 1188 2086 producam
1201 2023 1225 2060 2⁰

171 2089 282 2170 plures
302 2087 413 2151 eodem
432 2091 591 2171 tempore,
615 2087 769 2171 quoniam
791 2091 871 2171 tum,
894 2111 967 2152 cum
991 2093 1103 2154 actum
1128 2095 1188 2174 est,

171 2197 237 2239 una
253 2175 394 2255 luerunt,
416 2197 501 2241 nunc
524 2197 651 2259 quoque
670 2198 735 2240 una
758 2175 881 2259 adsint3
904 2198 977 2241 cum
1000 2178 1188 2266 interroga-

172 2263 303 2344 buntur,
326 2263 513 2347 obligentur
530 2286 597 2328 non
617 2264 723 2328 solum
746 2264 826 2329 iuris
848 2264 976 2328 iurandi
999 2270 1101 2350 atque
1125 2269 1189 2333 exi-

173 2349 370 2414 stimationis
389 2351 542 2435 periculo,
556 2353 622 2432 ¹sed
639 2353 740 2416 etiam
759 2353 922 2418 communi
944 2354 1032 2418 inter
1053 2377 1089 2420 se
1113 2379 1188 2422 con·
1242 2371 1244 2377 '

122 2449 171 2500 1⁷8
191 2437 335 2502 scientia.
385 2437 419 2503 si
446 2440 581 2522 planum
607 2440 645 2504 fit
673 2442 735 2505 hoc
761 2440 822 2524 ita,
855 2463 951 2524 quem
981 2443 1023 2506 ad
1050 2445 1188 2510 modum
1201 2463 1224 2502 ’ὁ

172 2526 253 2610 dico,
276 2548 347 2591 esse
369 2527 503 2611 factum,
524 2550 603 2593 num
625 2528 748 2613 poteris
772 2529 886 2613 dicere,
908 2528 1077 2616 Hortensi,
1100 2533 1187 2598 nihil

171 2615 305 2680 inistis
333 2615 434 2680 fuisse
462 2616 596 2701 litteris,
625 2617 710 2700 quod
732 2615 869 2682 Verrem
897 2618 1062 2683 laederet?
1110 2619 1187 2686 Non

173 2704 269 2769 modo
296 2704 330 2768 id
355 2726 422 2768 non
449 2705 548 2787 dices,
576 2705 699 2769 sedne
725 2705 808 2769 illud
835 2706 964 2790 quidem
992 2707 1056 2771 tibi
1080 2709 1187 2775 dicere

172 2793 293 2876 licebit,
311 2796 450 2875 tantum,
468 2795 626 2876 quantum
646 2813 706 2878 ego
726 2793 840 2876 dicam,
861 2816 928 2858 non
944 2794 1055 2861 fuisse.
1093 2797 1187 2884 Ergo

172 2881 235 2947 hoe
265 2885 376 2946 vestro
408 2881 542 2945 consilio
575 2884 608 2945 et
640 2881 748 2967 gratia
776 2881 971 2966 perfecistis,
1002 2888 1054 2966 ut,
1089 2908 1186 2970 quem
1201 2903 1224 2944 eo
1266 2947 1267 2958 ,

172 2969 214 3034 ad
250 2970 381 3034 modum
415 2970 514 3053 paulo
548 2973 623 3033 ante
656 2969 735 3052 dixi,
770 2970 853 3035 mihi
883 2992 1011 3037 summa
1041 2971 1186 3039 facultas

173 3057 214 3121 ad
250 3057 465 3123 accusandum
502 3057 647 3140 daretur,
684 3057 782 3122 iudici
818 3058 922 3124 libera
956 3064 1108 3144 potestas
1146 3063 1188 3128 sd

173 3144 374 3210 credendum.
1265 3189 1266 3212 2

120 3201 170 3328 ,²739
239 3231 332 3307 Quod
350 3255 423 3297 cum
445 3233 494 3297 ita
517 3233 570 3317 sit,
591 3233 674 3298 nihil
697 3233 821 3320 fingam
844 3239 962 3300 tamen.
1002 3235 1186 3304 Meminero

172 3340 224 3382 me
254 3341 321 3382 non
353 3321 543 3404 sumpsisse,
575 3343 671 3404 quem
699 3343 896 3407 accusarem,
929 3324 986 3388 sed
1013 3327 1186 3410 recepisse,
1199 3342 1223 3384 ³⁶

172 3425 253 3484 quos
281 3404 497 3490 defenderem,
524 3429 583 3472 ros
609 3430 648 3472 ex
671 3431 722 3474 me
746 3431 878 3476 oausam
900 3433 967 3477 non
990 3434 1010 3476 a
1032 3435 1086 3478 me
1110 3437 1185 3498 pro·
1264 3453 1265 3484 1

171 3487 283 3570 latam,
307 3492 362 3552 sed
381 3493 422 3555 ad
441 3515 492 3557 me
511 3495 653 3559 delatam
673 3497 783 3560 audire
807 3503 967 3583 oportere,
989 3522 1042 3564 me
1065 3498 1185 3568 Siculis
