2576 3882
175 143 240 208 208
476 140 515 196 IN
534 139 563 196 O.
578 139 732 195 VERREM
750 137 830 194 ACT.
849 139 883 194 ll.

175 288 285 354 monia
317 286 454 352 audistis
482 288 587 350 antea.
631 283 788 350 Vicerunt
815 283 1035 370 Agyrinenses
1062 284 1182 352 fratres

175 377 237 460 ita,
258 378 296 442 ut
319 379 452 462 egentes
475 373 652 457 inanesque
675 373 884 438 discederent.
1277 387 1278 446 ζ

122 439 167 566 ἐξ)
242 463 289 529 At
321 464 407 530 enim
439 463 480 528 ad
502 462 639 526 Verrem
670 462 806 546 pecunia
837 461 903 526 ista
929 483 995 526 non
1026 461 1181 547 pervenit.
1277 485 1278 524 r

177 553 265 630 Quae
284 552 350 618 ista
373 551 516 618 defensio
541 550 612 616 est?
636 553 746 614 utrum
770 550 978 616 adseveratur
1000 550 1035 614 in
1056 551 1118 616 hoc
1141 573 1183 615 an
1277 571 1278 618 .

174 641 379 726 temptatur?
411 639 492 705 mihi
520 639 607 704 enim
634 659 685 702 res
713 659 798 704 nova
824 642 882 705 est.
922 637 1042 704 Verres
1064 638 1209 703 celum-s

175 730 319 795 niatores
357 728 555 815 apponebat,
587 726 706 791 Verres
742 727 854 792 adesse
886 726 1032 811 iubebat,
1064 726 1182 792 Verres
1277 779 1278 784 ,

177 818 408 904 cognoscebat,
428 816 546 881 Verres
569 815 748 898 iudicabat,
770 815 925 900 pecuniae
947 813 1107 880 maximae
1130 816 1184 880 da·
1277 879 1278 890 ,

176 907 310 990 bantur,
342 906 398 991 qui
425 905 561 987 dabant,
589 903 782 968 obtinebant
809 925 937 987 causas3
963 907 1001 967 tu
1027 903 1109 968 mihi
1135 903 1184 968 ita
1277 907 1278 978 ζ

177 994 343 1060 defendas:
380 992 471 1058 ‘Non
507 996 557 1058 est
588 991 654 1056 ista
685 991 782 1056 Verri
812 994 983 1057 numerata
1013 991 1186 1077 pecunia'?
1277 993 1278 1024 ³

176 1081 304 1149 Adiuro
332 1086 378 1166 te;
406 1081 471 1147 mei
498 1102 625 1165 quoque
647 1083 748 1144 testes
771 1080 858 1145 idem
881 1080 1004 1164 dicunt3
1032 1079 1183 1146 Volcatio
1200 1099 1225 1138 ro

177 1172 288 1236 dicunt
311 1191 381 1235 sese
405 1169 539 1234 dedisse.
578 1168 667 1245 Quae
690 1169 739 1233 vis
762 1172 833 1232 erat
855 1168 890 1232 in
908 1167 1058 1234 Volcatio
1081 1172 1184 1254 tanta,

176 1263 215 1324 ut
228 1257 284 1323 HS
298 1274 384 1324 cecc
400 1257 492 1322 milia
506 1279 526 1322 a
540 1257 664 1321 duobus
679 1256 865 1322 hominibus
880 1257 1044 1322 auferret?
1062 1256 1184 1341 Ecquis

177 1346 343 1430 Volcatio,
371 1345 400 1410 si
427 1367 485 1410 sua
513 1348 629 1430 sponte
656 1345 811 1430 venisset,
839 1366 937 1410 unam
962 1345 1109 1411 libellam
1132 1345 1185 1410 dc·

178 1435 301 1500 disset?
337 1432 457 1500 Veniet
474 1455 569 1517 nunc,
592 1433 789 1517 experiatur3
812 1436 899 1499 tecto
922 1433 1056 1518 recipiet
1078 1455 1184 1499 nemo,

177 1521 224 1588 At
251 1542 312 1609 ego
338 1523 479 1607 amplius
503 1522 588 1605 dico,
615 1518 670 1585 Hs
694 1521 981 1607 quadringentiens
1004 1522 1126 1607 cepisse
1149 1526 1184 1586 te
1201 1540 1227 1581 15

178 1632 281 1697 arguo
314 1614 429 1677 contra
460 1611 563 1696 legeS,
594 1630 679 1695 nego
706 1609 769 1674 tibi
795 1609 858 1695 ipsi
885 1609 988 1675 ullum
1015 1631 1185 1676 nummum
1277 1609 1278 1692 l

178 1721 248 1766 esse
269 1703 490 1783 numeratum3
518 1698 574 1762 sed
597 1720 670 1764 eum
693 1700 734 1763 ob
758 1701 816 1762 tua
839 1697 979 1781 decreta,
1004 1699 1046 1763 ob
1070 1698 1187 1783 edicte,
1277 1705 1278 1750 ἐ

178 1789 220 1854 ob
247 1787 398 1873 imperia,
425 1788 467 1854 ob
495 1785 613 1852 iudicia
640 1785 794 1871 pecuniae
821 1785 997 1870 dabantur,
1021 1808 1089 1852 non
1113 1791 1186 1852 erat

178 1877 409 1961 quaerendum,
446 1875 536 1941 cuius
573 1895 671 1939 manu
707 1878 967 1958 numerarentur,
1002 1875 1060 1938 sed
1094 1875 1186 1942 cuius

125 1977 158 2028 27
178 1964 297 2030 iniuria
331 1967 532 2050 cogerentur.
581 1961 726 2028 Comites
758 1962 810 2026 illi
840 1962 889 2027 tui
921 1962 1037 2028 delecti
1069 1985 1187 2029 manus
1202 1982 1226 2022 sc

179 2055 272 2117 erant
295 2055 383 2135 tuae,
411 2050 581 2135 praefecti,
609 2052 746 2134 scribae,
775 2050 913 2134 accensi,
938 2050 1067 2136 medici,
1089 2051 1188 2117 haru-

178 2140 296 2225 spices,
327 2160 503 2224 praecones
535 2161 650 2204 manus
683 2142 777 2205 erant
802 2144 891 2223 tuac,
923 2142 960 2203 ut
988 2139 1124 2224 quisque
1152 2144 1188 2206 te
1277 2209 1278 2220 ,

178 2227 318 2293 maxime
355 2227 563 2312 cognatione,
599 2227 772 2311 affinitate,
807 2226 1043 2292 necessitudine
1075 2227 1188 2314 aliqua
1277 2283 1278 2296 .

180 2315 380 2400 attingebat,
402 2315 450 2380 ita
472 2315 612 2380 maxime
635 2337 750 2380 manus
773 2318 829 2380 tua
853 2316 1043 2400 putabatur;
1067 2315 1186 2382 cohors

178 2407 251 2469 tota
270 2405 353 2484 [tua]
371 2403 439 2487 ille,
463 2425 545 2489 quae
567 2404 642 2488 plus
664 2403 744 2468 mali
763 2401 891 2468 Siciliae
914 2403 1011 2488 dedit,
1034 2425 1133 2487 quam
1157 2406 1188 2470 si
1203 2422 1229 2463 ss
1277 2401 1278 2408 ’

177 2495 307 2557 centum
327 2491 478 2557 cohortes
495 2491 709 2576 fugitivorum
726 2490 875 2576 fuissent,
898 2494 955 2556 tua
976 2513 1089 2557 manus
1114 2493 1188 2558 sine
1277 2521 1278 2524 ¹

178 2579 400 2645 controversia
412 2579 484 2644 fuit.
517 2579 675 2663 Quicquid
690 2580 730 2644 ab
744 2579 861 2645 horum
881 2579 1034 2665 quopiam
1052 2586 1188 2666 captum
1277 2599 1278 2610 ¹

179 2671 239 2750 est,
256 2667 290 2733 id
302 2688 368 2733 non
383 2668 478 2733 modo
493 2667 556 2731 tibi
574 2668 694 2751 datum,
713 2667 769 2732 sed
787 2671 845 2733 tua
863 2689 962 2732 manu
978 2673 1189 2734 numeratum

178 2755 312 2822 iudicari
338 2777 469 2822 necesse
497 2759 555 2820 cst.
599 2753 686 2820 Nam
710 2755 738 2820 si
759 2755 844 2822 hanc
871 2755 1089 2822 defensionem
1111 2780 1190 2842 pro·
1277 2761 1278 2806 ἶ

177 2844 315 2911 habitis:
343 2843 434 2909 ‘Non
461 2842 585 2928 accepit
611 2843 707 2929 ipse',
728 2843 810 2910 ,licet
838 2844 947 2910 omnia
974 2844 1012 2909 de
1038 2845 1189 2930 pecuniis
1206 2864 1232 2904 so
1277 2857 1278 2860 ’

178 2930 366 3019 repetundis
393 2931 511 3002 iudicia
538 2931 679 3016 tolletis3
710 2953 805 2998 nemo
833 2955 987 3016 umquam
1013 2955 1087 2998 reus
1114 2938 1190 2999 tam
1277 2951 1278 3020 f

179 3021 359 3102 convictus,
385 3023 455 3085 tam
477 3042 597 3087 nocens
621 3021 808 3105 adducetur,
834 3021 889 3106 qui
910 3021 977 3086 ista
1000 3021 1191 3088 defensione
1277 3067 1278 3076 .

177 3131 244 3175 non
270 3108 376 3194 possit
402 3108 464 3192 uti3
493 3109 612 3174 etenim
640 3131 712 3175 cum
730 3107 849 3173 Verres
875 3112 999 3193 utatur,
1028 3109 1100 3194 quis
1124 3112 1193 3178 erit
1277 3095 1278 3170 l

178 3219 334 3281 umquam
360 3197 499 3282 posthac
527 3219 600 3262 reus
627 3202 697 3263 tam
723 3197 881 3282 perditus,
910 3197 966 3282 qui
992 3219 1058 3264 non
1083 3198 1126 3264 ad
1151 3200 1193 3278 Q.

178 3284 266 3350 Muci
291 3285 510 3351 innocentiam
537 3285 711 3368 referatur,
738 3285 767 3350 si
793 3308 866 3351 cum
891 3285 956 3350 isto
979 3285 1194 3356 conferetur?
1210 3305 1237 3346 cs

178 3371 292 3457 Neque
311 3396 395 3438 nunc
418 3377 486 3438 tam
510 3373 591 3437 mihi
612 3373 670 3438 isti
685 3373 820 3439 Verrem
843 3373 1012 3439 defendere
1035 3375 1196 3442 videntur

180 3481 278 3542 quam
299 3460 334 3524 in
353 3461 455 3526 Verre
479 3460 675 3528 defensionis
698 3464 859 3548 temptare
882 3463 1052 3530 rationem.
