2622 3884
152 195 217 260 342
454 191 494 247 ΙΝ
513 192 541 248 C.
556 192 712 248 VERREM
730 191 808 248 Aer.
827 194 862 248 11.

150 340 275 405 tatibus
293 339 399 424 pretio
419 339 584 421 decidisse,
607 341 640 402 et
658 338 788 403 eosdem
806 339 865 404 abs
883 341 917 403 te
935 339 1067 403 illamm
1088 338 1165 404 civi·

149 432 256 494 tatum
282 428 413 492 nomine
439 427 592 512 pecunias
620 427 807 512 abstulisse,
839 427 953 492 deinde
980 427 1069 512 ipsos
1099 427 1165 492 sibi

148 516 348 581 frumentum
362 516 527 600 co'e'misse,
545 515 628 580 nihil
647 515 688 580 ad
707 519 739 580 ta
757 516 838 581 haec
855 517 1039 601 pertinere?
1071 516 1163 581 Mala

149 605 332 670 mehercule
359 627 398 670 ac
424 605 543 670 misera
571 604 714 669 defensio
742 609 926 688 praetorem
953 605 1015 670 hoe
1043 605 1163 670 dicere:

150 691 233 779 ‘Ego
246 693 450 761 frumentum
461 715 564 778 neque
580 692 677 778 attigi
695 715 800 778 neque
818 694 938 778 aspexi,
957 694 1163 778 mancipibus
1178 719 1192 754 a

148 785 348 867 potestatem
363 782 523 867 probandi
541 781 811 866 improbandique
829 782 977 868 permisi;
996 783 1162 868 mancipes

149 895 169 935 a
191 871 380 936 civitatibus
402 871 555 956 pecunias
579 873 797 955 extorserunt,
825 892 887 956 ego
911 875 1034 955 autem,
1062 893 1162 956 quam

97 977 148 1026 176
167 960 336 1044 pecuniam
350 960 481 1044 populis
501 958 577 1024 dare
596 959 701 1043 debui,
719 959 923 1044 mancipibus
942 959 1033 1024 dedic
1072 959 1163 1025 Mala

149 1051 200 1112 est
230 1049 311 1113 haec
343 1048 485 1133 quidem,
521 1050 558 1111 ut
590 1047 669 1131 dixi,
706 1069 744 1114 ac
770 1049 880 1132 potius
907 1049 1035 1133 perdita
1062 1049 1163 1113 maxi·

148 1159 276 1202 morum
294 1139 510 1221 peccatorum,
528 1135 624 1202 huius
644 1139 753 1201 autem
770 1137 954 1221 iniquitatis
973 1140 1006 1202 et
1023 1137 1162 1202 inertiae
1178 1159 1205 1199 ro

149 1225 323 1308 confessio,
348 1246 416 1290 non
438 1225 581 1289 defensio
605 1224 764 1308 oriminis3
792 1225 848 1290 sed
871 1229 982 1290 tamen
1003 1225 1065 1290 hac
1087 1226 1163 1310 ipsa

148 1314 224 1398 tibi,
246 1314 275 1378 si
297 1313 355 1377 uti>
369 1313 494 1397 cupias,
516 1335 584 1378 non
605 1313 695 1396 licet3
715 1316 807 1378 vetat
828 1317 862 1378 te
876 1312 1061 1398 Volcatius,
1084 1317 1162 1378 tuae

148 1405 343 1485 tuorumque
371 1401 517 1485 deliciae,
548 1401 747 1466 mentionem
774 1403 931 1487 mancipis
958 1401 1078 1486 facere3
1109 1403 1162 1466 Ti-

148 1488 329 1555 marchides
362 1493 485 1574 autem,
516 1491 665 1554 columen
694 1489 840 1556 familiae
866 1493 1009 1574 vestrae,
1040 1491 1162 1574 premit

147 1578 257 1642 fauces
279 1577 474 1642 defensionis
497 1580 582 1663 tuae,
605 1578 657 1643 cui
680 1578 778 1643 simul
801 1582 835 1644 et
848 1578 1000 1644 Volcatio
1023 1580 1162 1664 pecunia
1177 1600 1203 1640 rs

149 1667 370 1733 acivitatibus
388 1670 560 1731 numerata
578 1670 641 1749 est3
660 1667 727 1731 iam
744 1689 821 1732 vero
840 1667 948 1732 scriba
965 1671 1041 1732 tuus
1061 1668 1161 1733 anulo

148 1777 246 1820 aureo
265 1777 334 1840 suo,
357 1777 452 1840 quem
477 1777 516 1820 ex
538 1754 591 1819 his
612 1755 710 1819 rebus
733 1755 866 1839 invenit,
888 1756 954 1820 ista
969 1759 1010 1820 'te
1032 1756 1161 1822 ratione

148 1845 198 1908 uti
211 1866 278 1908 non
291 1844 384 1908 sinet.
412 1842 496 1919 Quid
509 1843 612 1928 igitur
628 1847 679 1907 est
697 1843 867 1928 reliquum,
884 1844 950 1930 nisi
966 1845 1017 1909 nti
1033 1844 1161 1910 fateare

147 1937 181 1997 te
216 1932 357 1997 Romam
391 1931 590 1996 frumentum
627 1935 772 2016 emptum
805 1929 987 1998 Siculorum
1022 1933 1161 2018 pecunia

147 2021 283 2104 misisse,
306 2020 471 2106 publicam
489 2019 659 2104 pecuniam
678 2019 810 2084 domum
827 2024 919 2086 tuam
938 2021 1161 2086 convertisse?
1175 2041 1202 2082 sc

214 2108 241 2173 Ο
274 2109 471 2174 consuetudo
503 2108 669 2193 peccandi,
700 2113 857 2192 quantam
886 2108 988 2174 habes
1015 2109 1160 2174 iucundi·

147 2200 250 2262 tatem
277 2197 436 2281 improbis
464 2200 498 2262 et
519 2196 708 2280 audacibus,
735 2219 809 2262 oum
831 2219 937 2281 poena
960 2197 1043 2262 afrrit
1066 2201 1099 2262 et
1122 2198 1161 2263 li-

96 2298 146 2349 1‘1'1
165 2285 273 2351 centia
299 2288 472 2350 consecuta
499 2287 563 2349 estl
607 2284 675 2349 Iste
701 2285 737 2348 in
763 2285 826 2351 hoo
849 2306 967 2370 genere
988 2286 1160 2371 peculatus

146 2395 213 2438 non
229 2394 316 2438 nunc
333 2373 475 2458 primum
492 2373 666 2457 invenitur,
689 2373 745 2437 sed
763 2395 849 2439 nuno
867 2374 996 2439 demum
1018 2378 1161 2440 tenetur.

146 2460 296 2526 Vidimus
314 2460 390 2526 huic
409 2462 451 2526 ab
470 2461 595 2527 aerario
613 2462 783 2544 pecuniam
804 2463 969 2527 numerari
991 2464 1160 2547 quaestori
1174 2482 1201 2524 rs

146 2549 189 2616 ad
216 2553 383 2634 sumptum
411 2549 570 2615 exercitus
597 2550 792 2634 consularis,
823 2551 963 2616 vidimus
991 2551 1159 2617 mensibus

145 2641 223 2723 post
262 2638 374 2722 paucis
411 2642 444 2702 et
480 2638 645 2704 consulem
681 2641 715 2702 et
751 2639 927 2704 exercitum
966 2639 1159 2725 spoliatum3

145 2727 205 2792 illa
233 2727 338 2792 omnis
366 2727 502 2811 pecunia
525 2726 624 2791 latuit
644 2727 680 2790 in
700 2727 759 2791 illa
782 2727 922 2814 caligine
945 2749 983 2794 ac
1004 2727 1159 2812 tenebris,

146 2837 229 2900 quae
260 2819 366 2881 totam
392 2837 462 2880 rem
489 2814 654 2899 publicam
680 2818 751 2880 tum
778 2819 983 2900 occuparant.
1032 2815 1158 2882 Iterum

145 2904 250 2990 gessit
267 2903 498 2969 hereditariam
517 2907 735 2987 quaesturam,
757 2926 831 2969 cum
854 2925 874 2970 a
891 2904 1068 2970 Dolabella
1090 2928 1159 2971 ma·
1173 2923 1201 2964 ao

43 3053 48 3059 .
146 3013 246 3077 gnam
268 2993 438 3078 pecuniam
462 2992 594 3076 avertit,
618 2991 674 3056 sed
697 2992 765 3057 eius
788 2993 950 3058 rationem
972 3015 1046 3058 cum
1070 2992 1159 3059 dam·

143 3081 277 3145 natione
295 3080 489 3146 Dolabellae
508 3080 706 3165 permiscuit.
743 3079 926 3146 Commissa
948 3085 998 3146 est
1019 3083 1160 3166 pecunia

103 3233 106 3237 .
145 3171 240 3233 tanta
270 3169 428 3253 praetori3
459 3190 526 3234 non
556 3168 724 3253 reperietis
756 3169 921 3234 hominem
953 3170 1066 3235 timide
1097 3193 1160 3238 nec

145 3256 261 3320 leviter
276 3256 356 3321 haec
373 3256 617 3342 improbissima
635 3257 726 3322 lucra
743 3257 983 3342 ligurrientem3
1001 3259 1159 3324 devorare

146 3365 275 3406 omnem
295 3345 465 3426 pecuniam
487 3345 653 3429 publicam
674 3366 741 3410 non
765 3345 936 3413 dubitavit.
976 3346 1030 3412 Ita
1053 3349 1159 3432 serpit
1174 3366 1202 3407 aa

144 3428 227 3492 illud
241 3430 377 3495 insitum
397 3432 457 3512 [in]
476 3435 595 3496 natura
613 3432 735 3497 malum
755 3435 985 3500 consuetudine
1002 3437 1160 3519 peccandi

145 3514 262 3596 libera,
294 3517 392 3581 finem
424 3518 577 3583 audaciae
608 3523 645 3584 ut
677 3524 821 3586 statuere
851 3522 922 3606 ipse
948 3545 1015 3588 non
1040 3524 1159 3608 possit.
