2622 3884
335 186 403 242 ma.
422 186 461 243 111
493 185 570 242 CAP.
590 193 694 242 51-sa
713 193 728 254 s
748 194 895 244 rao—124.
1052 190 1117 256 319

107 332 268 398 stratibus
302 331 425 398 nostris
459 335 654 417 tractentur,
689 355 755 398 non
786 333 959 419 laboratis,
994 336 1029 400 at
1059 357 1117 403 vos

106 442 313 487 communem
331 419 446 506 populi
463 420 605 487 Romani
623 443 754 487 oausam
773 422 927 508 suscipite
947 427 1044 508 atque
1067 424 1118 490 de-

105 511 239 575 fendite.
285 509 416 575 Eiectos
445 513 590 575 aratores
619 530 689 575 esse
713 509 798 596 dico,
825 532 923 597 agros
947 512 1118 600 vectigalis

106 601 243 664 vexatos
273 601 370 682 atquc
398 597 579 663 exinanitos
608 597 764 683 aVerre,
793 600 985 684 populatam
1012 606 1118 667 vasta-

79 691 243 772 atamque
275 686 488 771 provinciam3
520 687 601 752 haec
632 687 742 753 omnia
769 687 867 753 doceo
895 689 1016 754 litteris
1044 693 1118 756 civi-

105 779 226 859 tatum,
245 775 381 841 ostendo
395 774 592 840 testimoniis
606 779 639 840 et
654 776 795 860 publicis
813 775 1117 844 honestissimarum

106 865 281 930 civitatum
295 867 328 928 et
341 862 479 948 privatis
497 863 728 949 primariorum
745 864 902 948 virorum3
922 866 999 949 quid
1017 867 1117 932 uultis
1128 865 1172 930 53

107 952 273 1038 amplius?
308 973 387 1016 num
420 951 610 1037 expectatis,
643 953 719 1017 dum
750 951 786 1017 L.
807 951 975 1036 Metellus,
1006 954 1035 1018 is
1063 956 1120 1038 qui

106 1041 231 1106 multos
254 1041 290 1104 in
311 1040 411 1104 istum
434 1040 529 1105 testis
552 1041 688 1124 imperio
712 1043 745 1106 et
767 1044 929 1126 potestate
953 1041 1119 1126 deterruit,

68 1149 92 1188 ιο
106 1130 195 1196 idem
228 1129 343 1194 absens
376 1128 414 1193 de
441 1129 536 1194 istius
564 1130 696 1213 scelere,
728 1129 952 1214 improbitate,
985 1131 1119 1196 audacia

106 1217 334 1283 testimonium
362 1217 470 1282 dicat?
515 1216 591 1282 Non
614 1217 737 1303 opinor.
778 1217 825 1282 At
847 1217 876 1282 is
900 1218 1036 1304 optime,
1064 1219 1119 1304 qui

108 1306 265 1372 successit
282 1305 348 1388 isti,
370 1305 480 1390 potuit
502 1327 704 1391 cognoscere.
745 1305 798 1370 Ita
821 1310 884 1392 est3
906 1328 1018 1373 verum
1042 1307 1119 1373 ami-

108 1395 188 1461 citia
214 1393 399 1478 impeditur.
443 1393 490 1459 At
517 1394 612 1459 debet
639 1415 697 1459 vos
726 1394 880 1460 certiores
907 1394 1027 1482 facere,
1055 1418 1118 1481 quo

107 1487 206 1569 pacto
225 1505 261 1548 se
278 1483 400 1547 habeat
417 1481 592 1567 provincia.
632 1481 752 1566 Debet3
775 1487 1018 1549 verumtamen
1035 1506 1102 1550 non
1121 1498 1171 1548 123

69 1589 94 1628 1⁵
109 1572 248 1658 cogitur.
288 1569 376 1636 Num
399 1570 472 1655 quis
494 1570 530 1635 in
543 1570 678 1636 Verrem
697 1570 733 1634 L.
746 1570 873 1636 Metelli
895 1573 1119 1638 testimonium

108 1659 270 1745 requirit?
314 1658 428 1724 Nemo.
468 1657 557 1724 Num
585 1659 656 1742 quis
684 1659 853 1745 postulat?
894 1659 971 1725 Non
996 1661 1120 1746 opinor.

109 1749 217 1826 Quid?
241 1747 270 1812 si
294 1747 482 1813 testimonio
500 1747 536 1812 L.
554 1747 681 1812 Metelli
704 1769 742 1812 ac
763 1747 884 1812 litteris
907 1748 988 1813 haec
1011 1749 1121 1814 omnia

108 1859 188 1903 vera
215 1857 286 1901 esse
314 1835 448 1919 doceb0,
481 1835 557 1920 quid
584 1835 719 1901 dicetis?
754 1840 865 1900 utrum
891 1834 927 1901 L.
949 1834 1120 1902 Metellum

108 1926 231 1990 falsum
264 1925 403 1990 scribere
437 1946 479 1988 an
511 1924 650 1989 amicum
681 1924 830 1990 laedendi
862 1945 931 1989 esse
959 1923 1120 2009 cupidum,

71 2030 96 2070 ²0
110 2036 154 2080 an
171 2016 365 2098 praetorem,
387 2034 484 2096 quem
508 2013 548 2076 ad
571 2012 703 2077 modum
726 2011 894 2096 provincia
917 2012 1044 2078 adfecta
1068 2013 1120 2098 sit,

108 2102 256 2168 nescire?
297 2100 411 2166 Recita
433 2100 561 2166 litteras
579 2100 614 2167 L.
628 2100 762 2185 Metelli,
786 2122 867 2185 quas
891 2099 932 2165 ad
951 2099 1007 2166 On.
1025 2100 1120 2180 Pom-

109 2191 220 2275 peium
236 2193 272 2254 et
289 2188 334 2254 M.
348 2186 502 2254 Crassum
521 2165 683 2272 consules,
707 2210 787 2273 quas
811 2189 852 2253 ad
870 2188 913 2254 M.
927 2189 1121 2255 Mummium

110 2282 305 2363 praetorem,
317 2299 397 2362 quas
410 2277 452 2342 ad
464 2281 653 2361 quaestores
665 2277 807 2342 urbanos
820 2277 919 2342 misit.
942 2277 1121 2344 EPISTULA

110 2367 147 2431 L.
168 2366 339 2431 murum.
389 2364 557 2431 Decursis
589 2383 768 2430 naamam
800 2383 893 2430 unca
919 2365 1121 2432 Hmromca

72 2471 273 2521 2⁵vaND1D1.
318 2452 400 2519 Oum
427 2453 540 2519 scribit
567 2475 601 2518 se
628 2454 701 2540 lege
728 2453 903 2520 Hieronica
930 2455 1121 2540 vendidisse,

111 2543 190 2628 quid
222 2541 358 2608 scribit?
407 2540 461 2606 Ita
493 2563 526 2606 se
557 2541 753 2626 vendidisse,
785 2546 823 2606 ut
853 2564 964 2609 omnes
991 2548 1121 2628 praeter

111 2631 258 2697 Verrem.
303 2629 385 2696 Cum
417 2630 532 2696 scribit
564 2651 598 2694 se
630 2631 702 2716 lege
729 2630 904 2696 Hieronica
931 2633 1121 2715 vendidisse,

111 2719 190 2804 quid
218 2718 353 2784 scribit?
400 2714 441 2783 Se
467 2740 526 2803 per
553 2717 654 2782 istum
681 2723 793 2803 erepta
816 2717 933 2784 Siculis
962 2720 1122 2784 maiorum

111 2812 300 2873 nostrorum
325 2806 493 2890 beneficia,
519 2805 570 2871 ius
586 2807 753 2892 ipsorum,
780 2808 1000 2872 condicionem
1024 2808 1121 2872 scoie-

73 2896 206 2980 oratis,
230 2895 404 2979 amicitiae,
425 2894 591 2960 foederum
615 2895 800 2960 reddidisse.
840 2894 942 2978 Dicit,
966 2895 1081 2977 quanti
1100 2893 1175 2961 (124)

112 2984 266 3068 cuiusque
284 2983 357 3070 agri
375 2983 524 3048 decumas
542 2983 737 3068 vendiderit,
756 2982 869 3048 deinde
889 2981 966 3065 quid
986 2981 1121 3046 scribit?

113 3071 237 3138 Summa
255 3090 293 3138 VI
310 3089 405 3136 DATA
422 3088 485 3137 asu
504 3089 528 3136 a
546 3088 595 3136 mu
615 3089 739 3154 ornas,
761 3089 807 3136 ur
826 3087 924 3147 Quam
947 3086 1102 3135 Patauio
1123 3083 1174 3131 124

112 3177 276 3227 nnoumss
307 3177 509 3225 vannaaau.
559 3155 625 3225 Gur
655 3159 771 3245 igitur,
802 3156 948 3241 Metelle,
979 3178 1045 3222 non
1073 3157 1122 3222 ita

113 3269 232 3335 magno
265 3247 460 3315 vendidisti?
509 3246 592 3323 Quia
624 3247 768 3312 desertas
801 3245 977 3328 arationes,
1013 3245 1121 3310 inanis

74 3352 99 3394 ⁸⁵
114 3359 226 3425 agros,
263 3336 464 3421 provinciam
501 3336 653 3400 miseram
689 3333 913 3419 perditamque
951 3332 1122 3398 offendisti.

114 3425 220 3503 Quid?
251 3425 285 3489 id
313 3425 433 3511 ipsum,
462 3423 548 3508 quod
576 3426 682 3488 satum
710 3427 774 3504 est,
801 3443 865 3506 qua
887 3421 1013 3486 ratione
1037 3423 1123 3506 quis·

114 3536 212 3600 quam
237 3514 293 3600 qni
316 3516 438 3578 sereret
461 3512 611 3576 inventus
634 3510 705 3574 est?
745 3509 868 3576 Recita.
909 3509 1052 3576 Litteras
1076 3511 1123 3575 ait
