2504 3876
282 186 350 242 alu.
365 188 391 241 v
423 187 501 242 CAP.
522 194 625 244 re-re
644 195 660 256 s
679 195 792 245 41-47.
977 189 1043 256 445

17 336 124 398 erant
153 331 341 398 carissimae
368 332 572 416 maximeque
599 355 673 398 eum
699 333 913 400 delectabant.
960 334 1043 400 Eam

17 443 149 486 navem
177 442 281 504 nuper
309 424 439 506 egomet
466 421 533 485 vidi
551 419 664 486 Veliae
691 422 851 507 multique
877 423 934 488 alii
957 424 1042 489 vide·

19 513 106 574 runt
126 508 382 592 pulcherrimam
401 513 499 593 atque
518 509 771 596 ornatissimam,
788 511 919 578 iudices.
952 512 1041 589 Quae

21 598 164 682 quidem
179 597 338 680 omnihus,
353 597 409 680 qui
423 619 494 662 eam
509 597 734 682 adspexerant,
750 603 960 684 prospectare
973 602 1041 666 iam

21 687 167 752 exilium
181 689 278 769 atque
293 685 462 770 explorare
475 685 589 770 fugam
605 686 728 752 domini
745 687 925 754 videbatur.
958 688 1041 764 Quid
1054 661 1096 787 14}

22 774 112 840 mihi
128 774 193 840 hoc
211 774 283 839 loco
302 774 535 858 respondebis?
557 774 622 838 nisi
640 775 725 839 forte
743 774 786 858 id,
805 776 892 860 quod
909 778 1043 844 tametsi

23 862 167 949 probari
198 863 290 928 nullo
322 862 418 927 modo
450 866 573 947 potest,
606 865 718 928 tamen
750 863 814 929 dici
846 865 975 949 quidem
1008 866 1042 930 in

24 952 151 1016 iudicio
172 950 210 1016 de
233 950 377 1035 pecuniis
400 951 588 1035 repetundis
610 972 741 1016 necesse
765 955 824 1036 est,
848 953 887 1018 de
909 955 969 1018 tua
990 975 1043 1038 pe·

25 1040 128 1106 cunia
142 1038 346 1105 aedificatam
361 1060 430 1104 esse
446 1061 571 1104 navem.
599 1038 693 1104 Ande
711 1040 773 1105 hoc
791 1040 910 1106 saltem
929 1042 1043 1126 dicere,

27 1129 120 1212 quod
138 1149 270 1194 necesse
289 1132 352 1209 cst3
370 1127 440 1192 noli
457 1131 609 1211 metuere,
630 1126 796 1212 Hortensi,
819 1151 860 1193 ne
880 1152 1043 1213 quaeram,

28 1216 88 1301 qui
115 1216 246 1282 licuerit
273 1215 441 1281 aedificare
463 1238 581 1283 navem
604 1216 761 1300 senatori,
789 1218 942 1302 antiquae
966 1221 1043 1284 sunt

26 1307 116 1371 istae
149 1305 239 1390 leges
271 1307 304 1368 et
335 1307 496 1388 mortuae,
529 1326 625 1389 quem
658 1304 698 1369 ad
730 1305 862 1370 modum
892 1310 929 1371 tu
956 1307 1043 1372 soles

29 1393 153 1476 dicere,
182 1414 263 1476 quac
291 1396 413 1456 vetant.
453 1391 530 1456 Fuit
554 1392 620 1457 ista
641 1415 693 1458 res
716 1394 849 1478 publica
871 1395 1044 1479 quondam,

28 1482 95 1546 fuit
114 1482 182 1546 ista
204 1481 361 1546 severitas
384 1481 420 1544 in
441 1480 577 1562 iudiciis,
600 1485 638 1545 ut
659 1481 758 1546 istam
782 1504 851 1546 rem
874 1487 1044 1548 accusator

29 1571 67 1635 in
86 1569 217 1655 magnis
235 1569 425 1634 criminibus
449 1568 650 1633 obiciendam
674 1573 812 1653 putaret.
850 1569 933 1645 Quid
956 1572 1044 1636 enim

30 1659 96 1723 tibi
122 1657 222 1723 navi?
255 1657 310 1741 qui
338 1656 366 1722 si
393 1679 457 1741 quo
484 1657 612 1740 publice
635 1658 863 1742 proficisceris,
889 1659 1044 1744 praesidii

32 1751 69 1812 et
97 1749 248 1812 vecturae
281 1767 379 1810 causa
411 1748 544 1830 sumptu
570 1745 700 1830 publico
727 1746 861 1832 navigia
886 1748 1044 1831 praehen-

33 1839 103 1919 tur3
139 1833 295 1918 privatim
330 1837 439 1898 autem
469 1855 529 1899 nec
560 1833 720 1918 proficisci
753 1857 917 1918 quoquam
948 1838 1042 1920 potes

33 1945 95 1989 nec
114 1944 275 1987 arcessere
293 1943 345 1987 res
368 1921 606 1987 transmarinas
630 1943 669 1986 ex
691 1922 731 1988 iis
755 1922 845 2006 locis,
868 1923 902 1986 in
925 1923 1042 2008 quibus

17 2016 70 2077 ·te
100 2011 220 2076 habere
246 2010 329 2074 nihil
357 2009 442 2074 licet.
491 2009 616 2075 Deinde
644 2032 701 2076 cur
728 2011 901 2094 quicquam
929 2015 1044 2077 contra
1062 2023 1096 2073 aa

35 2103 126 2185 leges
153 2099 298 2183 parasti?
339 2097 475 2163 Valeret
496 2099 558 2164 hoc
580 2098 703 2164 crimen
724 2098 760 2163 in
781 2099 840 2164 illa
863 2102 971 2165 vetere
994 2121 1044 2165 se-

37 2188 174 2254 veritate
197 2209 235 2253 ac
257 2187 418 2272 dignitate
440 2186 489 2251 rei
510 2187 673 2270 publicae,
695 2209 780 2252 nunc
802 2208 869 2252 non
891 2188 987 2253 modo
1010 2191 1044 2252 te

36 2279 100 2343 hoc
121 2276 253 2342 crimine
275 2297 343 2340 non
365 2295 481 2360 arguo,
505 2275 561 2338 sed
582 2297 623 2339 ne
646 2275 706 2340 illa
728 2275 858 2360 quidem
881 2276 1044 2342 communi

39 2365 274 2450 vituperatione
288 2362 501 2446 reprehendo:
520 2362 569 2427 Tu
585 2363 646 2444 tibi
664 2363 727 2429 hoc
744 2385 921 2447 numquam
940 2368 1044 2449 turpe,

18 2475 213 2537 enumquam
234 2451 454 2534 criminosum,
474 2473 653 2534 numquam
675 2451 872 2516 invidiosum
894 2452 964 2518 fore
987 2477 1044 2537 pu-

40 2542 127 2623 tasti,
149 2540 358 2606 celeberrimo
377 2539 449 2604 loce
468 2540 577 2622 pelam
595 2539 658 2605 tibi
677 2540 840 2605 aedificari
860 2541 1044 2606 onerariam

40 2651 154 2695 navem
171 2629 207 2692 in
223 2628 399 2713 provincia,
423 2650 521 2712 quam
539 2631 575 2692 tu
595 2650 668 2693 cum
688 2629 825 2713 imperio
850 2628 1043 2694 obtinebas?

43 2717 124 2793 Quid
154 2737 208 2781 eos
240 2715 344 2800 loqui,
376 2718 431 2800 qui
460 2716 628 2801 videbant,
661 2717 738 2801 quid
765 2717 952 2782 existimare
979 2738 1045 2800 eos,

18 2805 99 2890 3qui
129 2804 312 2884 audiebant,
345 2804 569 2869 arbitrabare?
606 2805 736 2870 inanem
767 2807 801 2869 te
829 2827 947 2871 navem
974 2825 1044 2868 esse

20 2894 132 2960 sillam
168 2894 203 2956 in
237 2891 370 2956 Italiam
409 2893 643 2958 adducturum?
683 2892 932 2975 naviculariam,
971 2914 1044 2956 cum

19 2984 176 3048 [Romam
207 2981 364 3064 venisses,
397 3002 466 3045 esse
492 2981 677 3046 facturum?
727 2978 778 3044 Ne
805 2980 886 3044 illud
914 2979 1044 3064 quidem

19 3070 209 3156 {quisquam
236 3071 367 3152 poterat
394 3068 564 3153 suspicari,
596 3071 629 3132 te
655 3067 691 3131 in
717 3066 816 3132 Italia
842 3067 1044 3132 maritimum

19 3160 158 3226 :habere
182 3157 319 3222 fundum
348 3160 380 3220 et
408 3157 595 3221 adfractus
619 3155 837 3237 deportandos
861 3154 1043 3220 onerariam

19 3279 22 3320 ι
45 3269 154 3313 navem
167 3267 363 3330 comparare.
394 3245 475 3309 Elius
494 3244 583 3310 modi
599 3242 735 3308 voluisti
752 3243 791 3308 de
809 3246 842 3307 tc
862 3265 1044 3309 sermonem

19 3355 34 3410 a
48 3357 114 3401 esse
138 3334 294 3418 omnium,
320 3333 431 3418 palam
459 3333 496 3397 ut
521 3332 733 3416 loquerentur
755 3333 788 3396 te
811 3331 904 3396 illam
926 3353 1042 3396 navem

20 3455 24 3496 ,a
47 3445 166 3511 parare,
192 3444 274 3506 quae
301 3421 456 3507 praedam
479 3441 517 3486 ex
541 3419 652 3485 Sicilia
674 3419 863 3503 deportaret
885 3423 919 3484 et
941 3420 983 3485 ad
1006 3442 1044 3486 ea

20 3513 142 3594 turta,
179 3532 261 3594 quae
301 3509 502 3595 reliquisses,
542 3512 747 3574 commearet.
801 3508 925 3575 Verum
963 3509 1044 3574 haec
1061 3520 1095 3584 47
