2524 3876
387 179 463 234 cnr.
487 185 588 234 13-15
608 185 750 246 §se-rr.
1033 182 1077 245 45

61 328 100 388 ut
126 324 212 388 illud
239 322 428 389 incredibile
456 326 519 408 est,
550 327 689 390 mortem
717 325 863 390 oblatam
891 346 961 390 esse
991 326 1078 410 patri

27 486 31 494 ¹
62 435 82 476 a
104 412 176 478 filio
201 412 271 478 sine
293 412 443 498 plurimis
467 416 501 477 et
524 413 672 502 maximis
700 413 819 498 causis,
847 414 893 480 sio
920 414 982 480 hoc
1008 415 1078 480 veri

62 501 172 566 simile
201 522 268 566 non
292 504 355 584 est,
383 500 456 565 odio
478 500 579 566 fuisse
602 501 731 585 parenti
753 502 856 567 filium
880 503 949 568 sine
973 504 1077 568 causis

61 589 179 654 multis
204 592 238 654 et
259 588 388 674 magnis
413 592 445 653 et
467 589 667 654 necessariis.
702 590 828 656 Rursus
845 591 1078 677 igitur.eodem
1096 614 1129 663 41

34 681 268 742 erevertamur
292 681 325 742 et
348 698 555 761 quaeramus,
578 699 660 762 quae
682 681 777 744 tanta
799 679 880 744 vitia
901 680 1022 745 firerint
1044 681 1079 745 in

61 766 160 830 unico
183 765 263 848 filio,
286 786 385 849 quare
407 765 436 830 is
459 766 548 852 patri
571 766 763 850 displiceret.
805 767 851 832 At
873 768 1079 854 perspicuum

63 857 115 920 est
143 853 270 918 nullum
299 853 408 918 fuisse.
458 853 556 919 Pater
582 854 685 940 igitur
714 877 838 939 amens,
872 857 928 940 qui
957 856 1080 922 odisset

63 965 140 1006 eum
164 941 234 1007 sine
257 960 363 1026 causa,
388 963 482 1026 quem
504 944 715 1029 procrearat?
751 941 799 1010 At
819 943 849 1008 is
868 943 997 1029 quidem
1015 943 1079 1010 fuit

62 1030 212 1095 omnium
239 1031 531 1096 constantissimus.
567 1029 658 1116 Ergo
681 1031 763 1096 illud
785 1032 851 1096 iam
873 1033 1079 1119 perspicuum

22 1149 49 1188 11
62 1119 213 1204 profecto
246 1121 310 1204 est,
343 1119 371 1183 si
401 1141 505 1203 neque
538 1141 650 1184 amens
681 1123 777 1206 pater
803 1141 907 1204 neque
933 1121 1079 1207 perditus

62 1209 153 1273 filius
179 1207 292 1292 firerit,
318 1228 422 1291 neque
450 1207 516 1273 odii
543 1229 674 1272 oausam
701 1209 787 1293 patri
816 1230 921 1292 neque
948 1208 1078 1274 sceleris

64 1295 285 1468 fiho‘lildlsscid’,
299 1382 416 1468 inquit,
430 1383 524 1468 ‘quae
539 1405 636 1449 causa
650 1384 716 1450 odii
728 1384 841 1469 fuerit,
854 1385 955 1450 fuisse
970 1386 1079 1452 odium
1090 1365 1132 1492 14}
1221 1397 1224 1404 ⁴

63 1471 239 1558 intellego,
267 1472 344 1557 quia
367 1476 476 1558 antea,
505 1495 577 1538 cum
601 1471 681 1538 duos
703 1472 789 1537 filios
812 1472 961 1558 haberet,
983 1473 1079 1539 illum

25 1587 51 1628 rs
66 1561 217 1644 alterum,
235 1559 291 1646 qui
305 1564 453 1626 mortuus
470 1565 529 1645 est,
548 1582 657 1625 secum
676 1561 764 1625 omni
783 1565 929 1647 tempore
946 1563 1080 1628 volebat

66 1671 148 1733 esse,
169 1649 256 1714 hunc
277 1649 313 1713 in
334 1649 469 1734 praedia
488 1649 610 1714 rustica
628 1649 813 1737 relegarat?
851 1650 943 1726 Quod
960 1649 1079 1716 Erucio

65 1737 235 1802 accidebat
269 1735 305 1801 in
340 1738 429 1802 mala
463 1737 701 1824 nugatoriaque
738 1740 954 1822 accusatione,
992 1739 1079 1802 idem

63 1825 150 1890 mihi
180 1847 242 1889 usu
272 1825 363 1890 venit
394 1825 429 1891 in
458 1847 556 1891 causa
593 1827 726 1910 optima.
780 1824 842 1890 Ille
883 1847 946 1910 quo
981 1825 1078 1891 modo

64 1914 190 1979 crimen
226 1913 486 1979 commenticium
523 1913 742 1998 confirmaret,
783 1936 849 1980 non
884 1914 1079 1998 inveniebat,

23 2030 51 2068 11
66 2024 129 2088 ego
162 2023 215 2066 res
241 2005 311 2067 tarn
338 2003 425 2067 leves
454 2024 519 2086 qua
545 2002 672 2067 ratione
698 2003 860 2068 infirmem
887 2025 925 2068 ac
948 2003 1079 2087 diluam,

63 2089 210 2176 reperire
235 2112 302 2155 non
328 2112 470 2176 possum.
517 2089 601 2166 Quid
628 2091 690 2174 ais,
717 2089 838 2156 Eruci?
863 2095 915 2157 tot
937 2091 1078 2176 praedia,
1097 2113 1131 2161 41

62 2186 136 2244 tam
168 2177 314 2263 pulchra,
345 2182 414 2243 tam
447 2177 615 2244 fructuosa
647 2177 717 2244 Sex.
750 2178 886 2245 Roscius
918 2179 987 2245 filio
1020 2202 1078 2245 suo

62 2266 278 2354 relegationis
310 2288 349 2332 ac
384 2267 534 2352 supplicii
572 2267 680 2352 gratia
716 2268 850 2333 colenda
887 2290 924 2334 ac
959 2269 1080 2334 tuenda

61 2354 269 2421 tradiderat?
320 2353 425 2430 Quid?
457 2355 520 2420 boe
545 2360 655 2440 patres
682 2355 839 2442 familias,
871 2356 927 2441 qui
957 2356 1079 2422 liberos

23 2471 49 2512 re
62 2445 200 2527 habent,
222 2443 414 2527 praesertim
436 2442 584 2508 homines
602 2443 692 2508 illius
707 2444 828 2509 ordinis
842 2466 881 2509 ex
894 2444 1078 2531 municipiis

62 2530 252 2614 rusticanis,
273 2551 380 2595 nonne
399 2531 642 2616 optatissimum
666 2532 729 2598 sibi
751 2536 869 2617 putant
891 2555 970 2618 esse,
992 2534 1079 2599 filios

63 2641 143 2686 suos
166 2619 215 2683 rei
236 2618 393 2683 familiari
414 2619 554 2684 maxime
573 2620 694 2686 1111111
713 2623 746 2684 et
764 2621 799 2685 in
815 2621 956 2706 praediis
975 2623 1080 2687 colen-

63 2710 114 2774 dis
135 2728 253 2790 operae
271 2706 448 2792 plurimum
467 2707 629 2793 studiique
647 2710 858 2774 consumere?
894 2707 948 2773 An
971 2731 1079 2774 aman·
1097 2729 1131 2778 44

63 2799 162 2863 darat
193 2795 280 2861 hunc
311 2795 370 2879 sic,
402 2799 440 2861 ut
471 2800 558 2861 esset
589 2796 624 2861 in
653 2817 734 2883 agro
762 2819 800 2862 ae
826 2801 956 2862 tantum
983 2796 1080 2863 modo

23 2909 49 2949 se
64 2887 210 2952 aleretur
237 2883 278 2949 ad
312 2883 441 2969 villam,
472 2888 510 2949 ut
541 2885 718 2950 commodis
750 2886 900 2952 omnibus
932 2885 1079 2951 careret?

64 2974 173 3051 Quid?
209 2971 238 3037 si
265 2976 395 3037 constat
421 2972 507 3038 hunc
537 2995 604 3038 non
635 2973 732 3038 modo
764 2973 906 3039 colendis
937 2972 1079 3057 praediis

62 3061 260 3150 praefuisse,
290 3060 347 3126 sed
374 3061 471 3126 certis
497 3061 606 3126 fundis
633 3064 727 3148 patre
753 3061 829 3128 1111
856 3061 921 3125 frui
944 3061 1078 3126 solitum

64 3174 146 3236 esse,
169 3155 323 3214 tamenne
346 3148 426 3214 haec
444 3149 514 3214 vita
532 3172 552 3215 1
569 3154 603 3214 te
621 3151 787 3215 rusticana
804 3147 962 3235 relegatio
982 3152 1080 3233 atque

65 3237 255 3306 amandatio
275 3237 516 3322 appellabitur?
551 3237 660 3322 Vides,
678 3237 787 3317 Eruci,
805 3241 963 3323 quantum
982 3237 1081 3302 distet

24 3349 50 3390 re
66 3325 311 3416 argumentatio
334 3328 392 3390 tua
415 3326 456 3390 ab
479 3325 609 3412 reipsa
632 3330 730 3411 atque
753 3349 773 3391 a
794 3324 942 3392 veritate.
988 3323 1081 3400 Quod

66 3413 302 3484 consuetudine
336 3417 447 3499 patres
477 3413 615 3499 faciunt,
646 3415 681 3480 id
708 3414 802 3501 quasi
828 3436 948 3479 novum
975 3435 1081 3500 repre·

65 3506 196 3592 hendis3
224 3501 313 3590 quod
340 3502 559 3568 benivolentia
584 3504 636 3591 fit,
663 3503 697 3569 id
724 3503 798 3568 odio
826 3502 948 3568 factum
976 3503 1081 3570 orimi·
