2622 3884
171 151 237 214 496
473 148 513 202 IN
531 148 560 204 0.
575 147 730 202 VERREM
747 147 826 202 Aen.
846 147 879 202 H.

172 293 339 378 acceperit,
362 297 399 356 ut
417 292 578 375 expilatae
600 291 795 376 provinciae,
817 290 927 358 vexati
950 291 1038 375 socii,
1061 292 1094 355 di
1116 293 1180 358 im·

171 381 328 447 mortales
364 380 510 464 spoliati,
546 379 631 445 cives
664 379 805 443 Romani
839 379 973 444 cruciati
1005 382 1038 444 11
1069 381 1179 446 necati

171 469 291 553 inpune
322 488 373 532 mo
406 472 515 534 actore
548 489 618 532 esse
650 467 842 536 videantur?
878 471 993 551 potero
1026 489 1086 553 ego
1115 469 1179 534 hoe
1285 507 1286 544 2

172 578 253 621 onus
298 559 427 621 tentum
472 560 530 621 aut
570 556 606 619 in
647 556 709 620 hoo
753 554 872 621 iudicio
917 555 1076 639 deponere
1119 561 1178 621 aut
1285 553 1286 562 ’

171 644 291 710 tacitus
325 644 505 708 sustinere?
555 641 631 708 Non
662 643 818 728 agitanda
849 664 900 707 res
932 643 1009 727 erit,
1044 665 1112 708 non
1142 645 1204 709 ins

171 731 312 797 medium
338 731 543 817 proferende,
570 753 636 796 non
663 731 777 816 populi
799 730 939 795 Romani
965 730 1045 795 fides
1073 731 1178 816 inplo-
1286 805 1287 808 Ἴ

171 820 282 904 randa,
302 841 369 885 non
388 842 508 904 omnes,
531 819 586 904 qui
603 823 698 884 tanto
721 841 756 884 se
780 818 899 883 scelere
923 819 1177 905 obstrinxerunt,
1286 823 1287 826 ’

172 911 210 972 ut
233 912 290 973 aut
312 907 409 972 fidem
433 930 525 972 suam
547 907 710 990 corrumpi
732 910 922 992 paterentur
944 910 1002 971 aut
1022 907 1178 973 iudicium

173 998 428 1080 corrumperent,
464 997 499 1059 in
534 995 707 1060 discrimen
742 998 799 1058 aut
834 994 987 1058 iudicium
1019 997 1176 1061 vocandi?

123 1096 172 1146 180
192 1084 332 1160 Quaeret
355 1083 473 1167 aliquis
495 1083 648 1148 fortasse:
676 1081 874 1147 ‘Tantumne
897 1082 999 1166 igitur
1021 1082 1177 1168 laborem,
1191 1102 1215 1140 1⁸

173 1176 283 1237 tantas
301 1171 488 1237 inimicitias
507 1175 559 1235 tot
576 1170 745 1235 hominum
767 1173 974 1254 suscepturus
998 1171 1065 1235 os‘?'
1100 1171 1178 1238 Non

175 1260 281 1325 studio
305 1260 433 1344 quidem
455 1259 586 1323 hercule
609 1259 678 1323 ullo
701 1279 804 1342 neque
826 1257 1008 1342 voluntate,
1032 1259 1178 1324 sednon

173 1348 259 1412 idem
277 1347 355 1412 licet
372 1346 461 1431 mihi,
485 1346 571 1430 quod
588 1345 639 1428 iis,
662 1346 718 1430 qui
735 1345 839 1410 nobili
860 1367 977 1428 genere
998 1347 1069 1410 nati
1091 1352 1177 1432 sunt,

174 1436 291 1519 quibus
319 1434 428 1499 omnia
453 1434 567 1517 populi
593 1433 733 1499 Romani
759 1433 915 1498 beneficia
942 1433 1176 1499 dormientibus

173 1522 374 1606 deferuntur3
405 1521 503 1607 longe
535 1521 601 1586 alia
627 1522 709 1586 mihi
735 1522 808 1606 lege
834 1522 870 1585 in
896 1520 958 1586 hac
984 1521 1115 1588 civitate
1142 1527 1177 1587 et
1191 1540 1216 1579 1⁵

174 1610 359 1676 condicione
386 1609 558 1674 vivendum
586 1614 645 1673 est.
685 1607 785 1674 Venit
808 1608 890 1673 mihi
912 1609 947 1672 in
969 1615 1111 1675 mentem
1133 1609 1176 1675 M.

175 1697 322 1781 Catonis,
348 1697 489 1763 hominis
518 1696 749 1782 sapientissimi
776 1701 809 1760 et
835 1696 1093 1782 vigilantissimi3
1121 1699 1177 1782 qui

174 1808 247 1851 cum
266 1807 300 1850 ss
320 1786 450 1871 virtuto,
471 1807 537 1850 non
561 1806 686 1870 genere,
708 1785 830 1870 populo
848 1784 995 1850 Romano
1018 1807 1177 1851 commen-

175 1875 245 1940 dari
275 1876 419 1958 putaret,
451 1895 525 1938 oum
555 1873 625 1956 ipse
657 1872 707 1938 sui
740 1873 866 1958 generis
898 1872 1027 1937 initium
1057 1897 1095 1938 ac
1121 1896 1176 1939 no-

174 1961 270 2026 minis
298 1961 339 2026 ab
364 1983 398 2026 se
422 1960 513 2046 gigni
536 1964 568 2024 et
590 1961 766 2046 propagari
787 1961 900 2044 vellet,
927 1962 1096 2026 hominum
1117 1984 1176 2047 po·
1190 1979 1217 2018 20

173 2049 431 2115 tentissimorum
443 2048 584 2132 suscepit
597 2048 784 2114 inimicitias
796 2054 830 2113 11
843 2048 993 2113 maximis
1007 2049 1176 2114 laboribus

175 2138 240 2202 suis
259 2159 360 2222 usque
380 2138 420 2201 ad
439 2158 599 2201 summam
618 2140 815 2202 senectutem
834 2158 960 2201 summa
978 2159 1051 2202 cum
1070 2138 1177 2222 gloria

123 2237 172 2288 111
192 2225 282 2291 vixit.
316 2225 436 2289 Postea
452 2223 487 2299 Q.
501 2224 675 2308 Pompeius
692 2224 810 2289 humili
828 2227 925 2308 atque
944 2225 1080 2290 obscuro
1103 2226 1175 2291 loco

173 2318 270 2377 natus
294 2334 402 2377 nonne
424 2312 573 2396 plurimis
595 2311 774 2377 inimicitiis
797 2312 1010 2396 maximisque
1033 2313 1100 2377 suis
1122 2335 1176 2399 pe-

174 2400 284 2464 riculis
304 2422 341 2464 ac
359 2400 526 2465 laboribus
545 2399 763 2484 amplissimos
781 2400 921 2464 honores
944 2405 995 2465 111
1017 2401 1175 2485 adeptus?
1190 2418 1216 2458 2⁵

173 2487 271 2552 Modo
299 2485 333 2552 0.
355 2485 547 2570 Fimbriam,
575 2486 608 2552 O.
631 2487 783 2572 Marium,
810 2485 1010 2553 1101111111
1036 2489 1176 2554 vidimus

172 2598 240 2641 non
268 2574 483 2639 mediocribus
510 2575 687 2639 inimicitiis
715 2597 752 2640 ac
779 2575 947 2641 laboribus
973 2578 1175 2661 contendere,

173 2667 211 2728 ut
243 2663 284 2728 ad
314 2663 396 2727 istos
427 2663 568 2727 honores
599 2664 818 2746 pervenirent,
850 2664 891 2727 ad
922 2686 1003 2748 quos
1032 2687 1091 2730 vos
1118 2687 1177 2751 per

173 2751 285 2817 ludum
309 2756 341 2816 11
362 2773 421 2835 per
442 2750 683 2836 neglegentiam
705 2751 907 2834 pervenistis.
952 2751 1041 2817 Haec
1065 2752 1177 2818 eadem

175 2845 224 2904 est
241 2845 373 2905 nostrae
390 2838 527 2903 rationis
545 2837 635 2923 regio
655 2841 688 2902 et
705 2839 767 2921 via,
789 2840 907 2904 horum
924 2861 984 2905 nos
1006 2841 1176 2906 hominum
1190 2857 1217 2896 ³⁰

123 2925 162 2990 'll
175 2931 297 2992 sectam
317 2930 414 3010 atque
431 2925 584 2990 instituta
601 2926 832 3010 persequimur.
869 2927 1033 3012 Videmus,
1054 2932 1178 3012 quanta

174 3015 218 3079 sit
235 3015 270 3078 in
287 3015 410 3079 invidia
428 3018 612 3097 quantoque
629 3014 665 3078 in
684 3014 757 3079 odio
776 3015 862 3099 apud
881 3016 1038 3100 quosdam
1055 3016 1177 3081 nobilis

172 3103 320 3166 homines
352 3124 511 3167 novorum
541 3101 710 3167 hominum
741 3103 845 3168 virtus
878 3107 911 3168 et
942 3103 1117 3188 industria;
1148 3105 1178 3168 si

173 3191 339 3254 tantulum
357 3189 467 3254 oculos
492 3189 707 3273 deiecerimns,
730 3194 861 3274 praesto
885 3212 955 3255 esse
977 3191 1126 3278 insidias3
1149 3191 1179 3257 si

174 3277 278 3340 ullum
303 3277 411 3342 locum
434 3277 654 3360 aperuerimus
678 3278 853 3361 suspicioni
876 3282 933 3343 aut
956 3279 1097 3363 crimini,
1124 3303 1178 3345 ac·
1192 3297 1218 3338 ³⁵

174 3362 356 3444 cipiendum
384 3364 496 3427 statim
523 3383 639 3428 volnus
663 3386 746 3447 esse,
773 3387 900 3447 semper
921 3368 1016 3430 nobis
1040 3367 1179 3452 vigilan·

123 3455 173 3505 182
192 3447 277 3530 dum,
300 3469 426 3532 sempor
443 3450 658 3514 laborandum
680 3451 834 3516 videmus.
874 3452 1068 3518 Inimicitiae
1092 3459 1179 3536 sunt,
