2604 3880
154 168 218 233 162
455 163 493 218 IN
513 162 542 220 0.
561 161 717 218 VERREM
734 161 814 218 AOT.
833 161 866 217 ΙΙ.

151 312 224 378 nari
242 311 402 394 solebant,
425 309 472 375 ibi
490 330 560 374 esse
579 309 689 392 palam
707 309 816 392 posita
834 329 881 394 aa,
904 329 987 393 quaa
1006 309 1047 374 ab
1067 309 1162 376 sociis

151 421 209 484 per
233 399 338 464 scelus
362 398 476 464 ablata
499 401 673 482 ereptaque
697 401 813 462 essent.

98 505 134 556 oo
218 487 281 553 Hie
308 508 369 573 ego
396 507 463 552 uon
490 487 633 552 arbitror
659 485 753 550 illum
781 489 976 573 negaturum
1004 486 1098 572 signa
1129 508 1163 552 se

151 577 303 661 plurima,
325 577 457 641 tabulas
480 576 585 658 piatas
607 575 861 640 innumerabiles
884 575 1014 660 habere,
1038 575 1102 659 sed,
1126 579 1163 640 ut

153 665 281 749 opinor,
309 664 394 730 solet
421 664 514 749 haee,
542 685 625 747 quae
652 663 762 746 rapuit
790 667 824 728 et
849 663 977 729 furatus
1005 666 1069 747 ast,
1097 682 1191 728 nona

151 774 330 838 numquam
340 753 444 820 dioere
455 753 624 836 seemisse,
635 751 788 836 quoniam
803 752 933 837 quidem
947 751 982 816 in
996 751 1163 836 Achaiam,
1295 747 1297 764 '

152 841 281 927 Asiam,
316 840 546 926 Pamphyliam
584 844 717 924 sumptu
752 841 882 925 publico
920 844 953 904 et
989 840 1163 926 legationis

152 931 284 996 nomine
315 933 477 997 mercator
511 930 680 1016 signorum
715 929 967 1012 tabularumque
1004 929 1163 1013 pictarum

100 1023 143 1088 23
154 1019 272 1085 missus
305 1023 364 1084 ast.
409 1019 518 1084 Habeo
549 1022 582 1082 et
614 1018 709 1082 istius
738 1021 771 1082 et
797 1017 902 1102 patris
931 1018 999 1082 eius
1027 1018 1163 1101 [accepi]

153 1109 284 1174 tabulas
304 1127 424 1191 omues,
447 1128 528 1191 quas
551 1106 801 1192 diligentissimo
823 1105 891 1191 lagi
913 1111 1012 1190 atqua
1035 1106 1165 1192 digessi,
1180 1128 1210 1168 ιο

153 1197 267 1280 patris,
286 1194 393 1280 quoad
411 1193 501 1277 vixit,
520 1198 602 1277 tuas,
622 1194 729 1278 quoad
748 1195 795 1258 ais
810 1199 844 1260 te
858 1195 1043 1260 ooufeeisse.
1078 1193 1165 1259 Nam

153 1286 189 1349 in
210 1285 291 1368 isto,
313 1283 446 1367 iudices,
473 1282 536 1348 hoo
558 1303 679 1348 novum
701 1283 880 1366 reperietis.
925 1282 1084 1348 Audimus
1108 1284 1166 1348 ali-

155 1394 250 1456 quem
277 1372 408 1436 tabulas
435 1393 613 1455 numquam
641 1370 831 1455 aoniosissa3
863 1393 945 1456 quae
973 1374 1023 1436 est
1055 1371 1165 1455 opinio

153 1461 323 1526 hominum
337 1460 376 1524 de
389 1459 438 1524 M.
448 1459 592 1525 Antonio
606 1459 705 1544 falsa,
719 1482 795 1524 nam
809 1459 887 1525 feoit
901 1459 1164 1546 diligentissimo,

152 1571 266 1615 verum
303 1548 348 1613 sit
377 1547 440 1614 hoo
473 1569 575 1634 genus
608 1548 751 1634 aliquod,
787 1548 920 1613 minima
952 1548 1165 1634 probandum.
1181 1571 1208 1610 a

153 1637 313 1703 Audimus
337 1637 438 1702 alium
459 1659 527 1702 non
550 1637 591 1702 ab
615 1636 709 1702 initio
731 1636 856 1720 fecisse,
882 1636 938 1701 sod
961 1659 1000 1702 ex
1018 1641 1166 1722 tempore

154 1727 264 1811 aliquo
293 1725 482 1811 confecisse3
512 1730 563 1790 est
591 1725 701 1809 aliqua
723 1725 822 1790 etiam
846 1724 979 1790 huiusce
1001 1727 1049 1790 rei
1071 1726 1166 1792 ratio.

154 1815 225 1881 Hoo
251 1836 329 1916 vepo
356 1836 477 1881 novum
507 1817 540 1878 et
570 1813 742 1879 ridiculum
773 1816 836 1898 est,
869 1812 954 1897 quod
986 1813 1040 1879 hio
1070 1814 1166 1879 nobis

153 1902 1166 2075 ttttttttttt.ttstttttttlltutatust
1180 2012 1208 2052 ,ο
1295 1999 1301 2016 ‹

101 2100 133 2149 ol
154 2081 328 2146 destitisse.
364 2078 441 2144 Alio
462 2079 543 2164 looo,
566 2079 628 2144 hoo
651 2079 741 2144 ouius
764 2079 853 2144 modi
876 2078 928 2162 sit,
951 2079 1167 2145 considerabi-

153 2191 235 2252 mus,
252 2190 338 2233 nuno
355 2167 439 2232 nihil
458 2167 500 2232 ad
517 2189 569 2231 me
589 2167 720 2251 attinat3
738 2168 856 2232 horum
873 2167 958 2232 enim
972 2170 1167 2253 temporum,

152 2258 187 2321 in
206 2256 324 2341 quibus
342 2277 427 2320 nuno
444 2276 564 2338 versor,
582 2255 688 2322 habeo
707 2256 838 2322 tabulas
857 2258 891 2320 et
908 2259 982 2320 tuas
1002 2259 1035 2321 et
1052 2257 1166 2341 patris.

152 2344 300 2409 Plurima
322 2343 418 2429 sigua
439 2343 666 2428 pulcherrima,
688 2344 847 2428 plurimas
871 2343 1002 2408 tabulas
1021 2344 1165 2429 optimas

154 2434 343 2516 deportasse
361 2435 394 2496 te
417 2452 537 2517 negare
560 2454 626 2497 non
649 2435 756 2517 potes3
781 2437 878 2517 atque
901 2432 1028 2498 utinam
1051 2436 1163 2519 neges!
1180 2452 1207 2492 aa

154 2543 254 2585 uuum
273 2520 406 2586 ostenda
424 2520 460 2584 in
477 2521 599 2585 tabulis
617 2524 674 2585 aut
687 2520 753 2586 tuis
769 2524 825 2585 aut
839 2521 943 2605 patrie
957 2521 1007 2586 tui
1021 2525 1166 2606 emptum

154 2631 238 2693 esse,
262 2608 378 2673 vicisti.
414 2607 465 2673 Ne
483 2609 564 2674 haee
582 2609 712 2693 quidem
733 2608 796 2673 duo
820 2610 915 2695 signa
937 2609 1166 2694 pulcherrima,

155 2720 237 2782 quae
265 2719 349 2762 nuno
377 2697 418 2762 ad
445 2697 638 2781 impluvium
669 2701 763 2762 tuum
795 2700 898 2781 etant,
930 2719 1012 2781 quae
1043 2698 1166 2776 multos

155 2809 256 2852 annos
286 2790 361 2850 ante
392 2787 505 2850 valvas
537 2785 671 2850 Iunonis
699 2783 827 2850 Samiae
859 2788 1032 2871 steterunt,
1064 2786 1166 2850 habes

155 2897 218 2959 quo
237 2876 334 2940 modo
353 2875 479 2958 ameris,
501 2874 589 2957 haee,
612 2875 754 2958 inquam,
778 2874 850 2958 duo,
874 2895 956 2958 quaa
974 2873 1009 2937 in
1032 2874 1165 2939 aedibus
1180 2892 1207 2932 eo

154 2964 221 3029 tuis
250 2963 321 3028 sola
348 2962 414 3027 iam
438 2965 526 3046 sunt,
552 2984 634 3047 quae
657 2965 816 3027 sectorem
839 2964 1025 3046 expectant,
1052 2962 1167 3028 relicta

154 3073 192 3117 aa
216 3052 374 3116 destituta
397 3073 416 3114 a
440 3051 556 3115 ceteris
579 3051 691 3135 signia

101 3109 144 3235 g}
222 3141 281 3224 At,
308 3139 417 3222 oredo,
443 3138 478 3202 iu
505 3138 593 3204 hisee
626 3138 705 3203 solis
728 3139 824 3202 rebus
847 3137 1023 3202 indomitas
1047 3138 1167 3223 eupidi-

153 3232 241 3293 tates
265 3231 362 3311 atque
386 3227 558 3291 effrenatas
581 3227 737 3310 habebat,
764 3230 890 3291 ceterae
918 3226 1068 3292 libidines
1099 3228 1167 3291 eius

154 3316 280 3380 ratione
304 3315 414 3398 aliqua
437 3319 495 3379 aut
516 3314 611 3379 modo
636 3314 893 3380 continebantur.
931 3312 1035 3389 Quam
1055 3315 1209 3379 multisne

153 3404 254 3467 istum
277 3402 436 3486 ingenuis,
460 3424 556 3484 quam
579 3403 692 3466 multis
716 3402 876 3467 matribus
894 3401 1038 3466 familias
1056 3402 1091 3466 in
1108 3403 1169 3467 illa

153 3493 262 3554 taetra
271 3491 370 3570 atque
382 3489 512 3572 impura
525 3489 689 3574 legatione
703 3489 770 3554 vim
784 3490 935 3555 attulisse
950 3491 1169 3556 existimatis?
