<?xml version="1.0" encoding="UTF-8"?>
<!DOCTYPE html PUBLIC "-//W3C//DTD XHTML 1.0 Transitional//EN"
    "http://www.w3.org/TR/xhtml1/DTD/xhtml1-transitional.dtd">
<html xmlns="http://www.w3.org/1999/xhtml" xml:lang="en" lang="en">
 <head>
  <title>
</title>
<meta http-equiv="Content-Type" content="text/html;charset=utf-8" />
  <meta name='ocr-system' content='tesseract 3.04.00' />
  <meta name='ocr-capabilities' content='ocr_page ocr_carea ocr_par ocr_line ocrx_word'/>
</head>
<body>
  <div class='ocr_page' id='page_1' title='image "./scriptaquaemans01mullgoog_0602.png"; bbox 0 0 2622 3884; ppageno 0'>
   <div class='ocr_carea' id='block_1_1' title="bbox 354 173 1130 239">
    <p class='ocr_par' dir='ltr' id='par_1_1' title="bbox 354 173 1130 239">
     <span class='ocr_line' id='line_1_1' title="bbox 354 173 1130 239; baseline 0.013 -12"><span class='ocrx_word' id='word_1_1' title='bbox 354 173 422 228; x_wconf 80' lang='grc'>111.</span> <span class='ocrx_word' id='word_1_2' title='bbox 436 174 462 228; x_wconf 86' lang='lat' dir='ltr'>v</span> <span class='ocrx_word' id='word_1_3' title='bbox 489 173 568 228; x_wconf 75' lang='grc'>111.</span> <span class='ocrx_word' id='word_1_4' title='bbox 588 179 691 229; x_wconf 80' lang='grc'>11-11</span> <span class='ocrx_word' id='word_1_5' title='bbox 711 179 726 239; x_wconf 70' lang='lat' dir='ltr'>a</span> <span class='ocrx_word' id='word_1_6' title='bbox 747 179 894 228; x_wconf 84' lang='grc'>111-111.</span> <span class='ocrx_word' id='word_1_7' title='bbox 1067 173 1130 237; x_wconf 76' lang='lat'>487</span> 
     </span>
    </p>
   </div>
   <div class='ocr_carea' id='block_1_2' title="bbox 87 316 1304 3573">
    <p class='ocr_par' dir='ltr' id='par_1_2' title="bbox 91 316 1304 1700">
     <span class='ocr_line' id='line_1_2' title="bbox 132 316 1181 402; baseline -0.003 -19"><span class='ocrx_word' id='word_1_8' title='bbox 132 320 298 401; x_wconf 89' lang='lat' dir='ltr'>conventu,</span> <span class='ocrx_word' id='word_1_9' title='bbox 321 316 355 380; x_wconf 94' lang='lat' dir='ltr'>id</span> <span class='ocrx_word' id='word_1_10' title='bbox 374 316 460 400; x_wconf 89' lang='lat' dir='ltr'>quod</span> <span class='ocrx_word' id='word_1_11' title='bbox 478 320 575 382; x_wconf 90' lang='lat' dir='ltr'>antea</span> <span class='ocrx_word' id='word_1_12' title='bbox 593 317 667 402; x_wconf 85' lang='lat' dir='ltr'>dixi,</span> <span class='ocrx_word' id='word_1_13' title='bbox 688 317 825 382; x_wconf 91' lang='lat' dir='ltr'>nimium</span> <span class='ocrx_word' id='word_1_14' title='bbox 849 316 1022 402; x_wconf 75' lang='lat' dir='ltr'>diligenter</span> <span class='ocrx_word' id='word_1_15' title='bbox 1043 337 1134 401; x_wconf 89' lang='lat' dir='ltr'>prae·</span> <span class='ocrx_word' id='word_1_16' title='bbox 1178 347 1181 354; x_wconf 44' lang='lat'>¹</span> 
     </span>
     <span class='ocr_line' id='line_1_3' title="bbox 132 404 1134 490; baseline 0 -22"><span class='ocrx_word' id='word_1_17' title='bbox 132 404 250 470; x_wconf 91' lang='lat' dir='ltr'>donum</span> <span class='ocrx_word' id='word_1_18' title='bbox 268 427 437 469; x_wconf 87' lang='lat' dir='ltr'>numerum</span> <span class='ocrx_word' id='word_1_19' title='bbox 456 405 673 488; x_wconf 77' lang='lat' dir='ltr'><strong>requirebant</strong></span> <span class='ocrx_word' id='word_1_20' title='bbox 704 405 846 471; x_wconf 80' lang='lat' dir='ltr'>Haecine</span> <span class='ocrx_word' id='word_1_21' title='bbox 864 405 953 490; x_wconf 90' lang='lat' dir='ltr'>plebi</span> <span class='ocrx_word' id='word_1_22' title='bbox 966 404 1134 469; x_wconf 85' lang='lat' dir='ltr'>Romanae</span> 
     </span>
     <span class='ocr_line' id='line_1_4' title="bbox 131 492 1134 579; baseline -0.002 -21"><span class='ocrx_word' id='word_1_23' title='bbox 131 497 164 558; x_wconf 89' lang='lat' dir='ltr'>te</span> <span class='ocrx_word' id='word_1_24' title='bbox 176 497 326 579; x_wconf 91' lang='lat' dir='ltr'>praetore</span> <span class='ocrx_word' id='word_1_25' title='bbox 341 496 392 558; x_wconf 88' lang='lat' dir='ltr'>est</span> <span class='ocrx_word' id='word_1_26' title='bbox 405 493 584 558; x_wconf 89' lang='lat' dir='ltr'>constituta</span> <span class='ocrx_word' id='word_1_27' title='bbox 598 493 751 579; x_wconf 92' lang='lat' dir='ltr'>condici0,</span> <span class='ocrx_word' id='word_1_28' title='bbox 769 494 849 558; x_wconf 87' lang='lat' dir='ltr'>haec</span> <span class='ocrx_word' id='word_1_29' title='bbox 861 493 987 579; x_wconf 88' lang='lat' dir='ltr'>negotii</span> <span class='ocrx_word' id='word_1_30' title='bbox 1002 492 1134 578; x_wconf 87' lang='lat' dir='ltr'>gerendi</span> 
     </span>
     <span class='ocr_line' id='line_1_5' title="bbox 131 570 1304 666; baseline -0.002 -20"><span class='ocrx_word' id='word_1_31' title='bbox 131 603 213 666; x_wconf 85' lang='lat' dir='ltr'>sper,</span> <span class='ocrx_word' id='word_1_32' title='bbox 235 582 297 646; x_wconf 92' lang='lat' dir='ltr'>hoc</span> <span class='ocrx_word' id='word_1_33' title='bbox 315 580 431 664; x_wconf 88' lang='lat' dir='ltr'>capitis</span> <span class='ocrx_word' id='word_1_34' title='bbox 449 581 599 665; x_wconf 75' lang='lat' dir='ltr'>vitaeque</span> <span class='ocrx_word' id='word_1_35' title='bbox 619 570 811 646; x_wconf 79' lang='lat' dir='ltr'>discrimen?</span> <span class='ocrx_word' id='word_1_36' title='bbox 848 581 1010 647; x_wconf 79' lang='lat' dir='ltr'>Parumne</span> <span class='ocrx_word' id='word_1_37' title='bbox 1029 581 1134 645; x_wconf 87' lang='lat' dir='ltr'>multa</span> <span class='ocrx_word' id='word_1_38' title='bbox 1303 579 1304 662; x_wconf 85' lang='lat' dir='ltr'>l</span> 
     </span>
     <span class='ocr_line' id='line_1_6' title="bbox 104 669 1304 754; baseline 0.004 -26"><span class='ocrx_word' id='word_1_39' title='bbox 104 673 252 735; x_wconf 79' lang='lat' dir='ltr'>amercat</span> <span class='ocrx_word' id='word_1_40' title='bbox 238 669 364 734; x_wconf 89' lang='lat' dir='ltr'>toribus</span> <span class='ocrx_word' id='word_1_41' title='bbox 395 672 471 733; x_wconf 93' lang='lat' dir='ltr'>sunt</span> <span class='ocrx_word' id='word_1_42' title='bbox 497 669 678 736; x_wconf 87' lang='lat' dir='ltr'>necessario</span> <span class='ocrx_word' id='word_1_43' title='bbox 705 669 849 754; x_wconf 91' lang='lat' dir='ltr'>pericula</span> <span class='ocrx_word' id='word_1_44' title='bbox 876 669 1041 735; x_wconf 88' lang='lat' dir='ltr'>subeunda</span> <span class='ocrx_word' id='word_1_45' title='bbox 1067 669 1134 734; x_wconf 88' lang='lat' dir='ltr'>for·</span> <span class='ocrx_word' id='word_1_46' title='bbox 1303 675 1304 708; x_wconf 69' lang='lat'>³</span> 
     </span>
     <span class='ocr_line' id='line_1_7' title="bbox 131 757 1134 842; baseline 0.001 -21"><span class='ocrx_word' id='word_1_47' title='bbox 131 761 237 842; x_wconf 85' lang='lat' dir='ltr'>tunae,</span> <span class='ocrx_word' id='word_1_48' title='bbox 259 757 323 822; x_wconf 91' lang='lat' dir='ltr'>nisi</span> <span class='ocrx_word' id='word_1_49' title='bbox 342 757 441 823; x_wconf 90' lang='lat' dir='ltr'>etiam</span> <span class='ocrx_word' id='word_1_50' title='bbox 459 757 520 821; x_wconf 88' lang='lat' dir='ltr'>hae</span> <span class='ocrx_word' id='word_1_51' title='bbox 538 757 727 822; x_wconf 82' lang='lat' dir='ltr'>formidines</span> <span class='ocrx_word' id='word_1_52' title='bbox 751 758 791 822; x_wconf 87' lang='lat' dir='ltr'>ab</span> <span class='ocrx_word' id='word_1_53' title='bbox 814 757 936 822; x_wconf 90' lang='lat' dir='ltr'>nostris</span> <span class='ocrx_word' id='word_1_54' title='bbox 960 757 1134 842; x_wconf 86' lang='lat' dir='ltr'>magistra-</span> 
     </span>
     <span class='ocr_line' id='line_1_8' title="bbox 130 845 1134 930; baseline 0.001 -22"><span class='ocrx_word' id='word_1_55' title='bbox 130 846 218 910; x_wconf 90' lang='lat' dir='ltr'>tibus</span> <span class='ocrx_word' id='word_1_56' title='bbox 246 849 343 930; x_wconf 87' lang='lat' dir='ltr'>atque</span> <span class='ocrx_word' id='word_1_57' title='bbox 369 846 404 909; x_wconf 93' lang='lat' dir='ltr'>in</span> <span class='ocrx_word' id='word_1_58' title='bbox 430 845 552 910; x_wconf 91' lang='lat' dir='ltr'>nostris</span> <span class='ocrx_word' id='word_1_59' title='bbox 580 845 755 928; x_wconf 86' lang='lat' dir='ltr'>provinciis</span> <span class='ocrx_word' id='word_1_60' title='bbox 782 845 1036 928; x_wconf 80' lang='lat' dir='ltr'>impendebant?</span> <span class='ocrx_word' id='word_1_61' title='bbox 1081 845 1134 909; x_wconf 85' lang='lat' dir='ltr'>Ad</span> 
     </span>
     <span class='ocr_line' id='line_1_9' title="bbox 131 931 1134 1017; baseline 0.001 -20"><span class='ocrx_word' id='word_1_62' title='bbox 131 955 244 998; x_wconf 87' lang='lat' dir='ltr'>eamne</span> <span class='ocrx_word' id='word_1_63' title='bbox 261 955 330 998; x_wconf 94' lang='lat' dir='ltr'>rem</span> <span class='ocrx_word' id='word_1_64' title='bbox 347 933 411 997; x_wconf 87' lang='lat' dir='ltr'>fuit</span> <span class='ocrx_word' id='word_1_65' title='bbox 429 933 509 998; x_wconf 88' lang='lat' dir='ltr'>haec</span> <span class='ocrx_word' id='word_1_66' title='bbox 528 933 715 999; x_wconf 87' lang='lat' dir='ltr'>suburbana</span> <span class='ocrx_word' id='word_1_67' title='bbox 734 955 772 998; x_wconf 88' lang='grc'>11</span> <span class='ocrx_word' id='word_1_68' title='bbox 788 932 893 997; x_wconf 88' lang='lat' dir='ltr'>fidelis</span> <span class='ocrx_word' id='word_1_69' title='bbox 909 931 1019 998; x_wconf 80' lang='lat' dir='ltr'>Sicilia</span> <span class='ocrx_word' id='word_1_70' title='bbox 1037 933 1134 1017; x_wconf 88' lang='lat' dir='ltr'>plena</span> 
     </span>
     <span class='ocr_line' id='line_1_10' title="bbox 131 1020 1134 1106; baseline 0 -22"><span class='ocrx_word' id='word_1_71' title='bbox 131 1021 328 1106; x_wconf 88' lang='lat' dir='ltr'>optimorum</span> <span class='ocrx_word' id='word_1_72' title='bbox 343 1021 503 1086; x_wconf 90' lang='lat' dir='ltr'>sociorum</span> <span class='ocrx_word' id='word_1_73' title='bbox 521 1020 888 1104; x_wconf 74' lang='lat' dir='ltr'>honestissimorumque</span> <span class='ocrx_word' id='word_1_74' title='bbox 906 1020 1033 1104; x_wconf 89' lang='lat' dir='ltr'>civium,</span> <span class='ocrx_word' id='word_1_75' title='bbox 1053 1042 1134 1105; x_wconf 87' lang='lat' dir='ltr'>quae</span> 
     </span>
     <span class='ocr_line' id='line_1_11' title="bbox 92 1108 1134 1194; baseline -0.001 -21"><span class='ocrx_word' id='word_1_76' title='bbox 92 1110 209 1173; x_wconf 82' lang='lat' dir='ltr'>1ocivis</span> <span class='ocrx_word' id='word_1_77' title='bbox 237 1108 401 1174; x_wconf 81' lang='lat' dir='ltr'>Romanos</span> <span class='ocrx_word' id='word_1_78' title='bbox 433 1108 537 1174; x_wconf 90' lang='lat' dir='ltr'>omnis</span> <span class='ocrx_word' id='word_1_79' title='bbox 568 1109 635 1174; x_wconf 88' lang='lat' dir='ltr'>suis</span> <span class='ocrx_word' id='word_1_80' title='bbox 662 1109 735 1194; x_wconf 91' lang='lat' dir='ltr'>ipsa</span> <span class='ocrx_word' id='word_1_81' title='bbox 762 1109 891 1174; x_wconf 86' lang='lat' dir='ltr'>sedibus</span> <span class='ocrx_word' id='word_1_82' title='bbox 918 1109 1134 1172; x_wconf 81' lang='lat' dir='ltr'>libentissime</span> 
     </span>
     <span class='ocr_line' id='line_1_12' title="bbox 130 1194 1134 1282; baseline -0.001 -21"><span class='ocrx_word' id='word_1_83' title='bbox 130 1196 415 1281; x_wconf 88' lang='lat' dir='ltr'>semperaccepit,</span> <span class='ocrx_word' id='word_1_84' title='bbox 437 1200 486 1281; x_wconf 91' lang='lat' dir='ltr'>ut,</span> <span class='ocrx_word' id='word_1_85' title='bbox 510 1197 566 1281; x_wconf 89' lang='lat' dir='ltr'>qui</span> <span class='ocrx_word' id='word_1_86' title='bbox 587 1219 690 1281; x_wconf 90' lang='lat' dir='ltr'>usque</span> <span class='ocrx_word' id='word_1_87' title='bbox 713 1219 751 1262; x_wconf 84' lang='lat' dir='ltr'>ex</span> <span class='ocrx_word' id='word_1_88' title='bbox 772 1197 899 1262; x_wconf 90' lang='lat' dir='ltr'>ultuma</span> <span class='ocrx_word' id='word_1_89' title='bbox 920 1194 1013 1282; x_wconf 85' lang='lat' dir='ltr'>Syria</span> <span class='ocrx_word' id='word_1_90' title='bbox 1037 1200 1134 1281; x_wconf 91' lang='lat' dir='ltr'>atque</span> 
     </span>
     <span class='ocr_line' id='line_1_13' title="bbox 129 1284 1133 1370; baseline 0 -22"><span class='ocrx_word' id='word_1_91' title='bbox 129 1284 283 1370; x_wconf 87' lang='lat' dir='ltr'>Aegypto</span> <span class='ocrx_word' id='word_1_92' title='bbox 301 1285 503 1370; x_wconf 85' lang='lat' dir='ltr'>navigarent,</span> <span class='ocrx_word' id='word_1_93' title='bbox 527 1285 583 1369; x_wconf 91' lang='lat' dir='ltr'>qui</span> <span class='ocrx_word' id='word_1_94' title='bbox 602 1285 687 1369; x_wconf 93' lang='lat' dir='ltr'>apud</span> <span class='ocrx_word' id='word_1_95' title='bbox 706 1285 864 1350; x_wconf 87' lang='lat' dir='ltr'>barbaros</span> <span class='ocrx_word' id='word_1_96' title='bbox 882 1289 1017 1370; x_wconf 87' lang='lat' dir='ltr'>propter</span> <span class='ocrx_word' id='word_1_97' title='bbox 1034 1289 1133 1370; x_wconf 85' lang='lat' dir='ltr'>togae</span> 
     </span>
     <span class='ocr_line' id='line_1_14' title="bbox 128 1373 1133 1474; baseline -0.001 -37"><span class='ocrx_word' id='word_1_98' title='bbox 128 1394 248 1437; x_wconf 89' lang='lat' dir='ltr'>nomen</span> <span class='ocrx_word' id='word_1_99' title='bbox 273 1373 309 1436; x_wconf 90' lang='lat' dir='ltr'>in</span> <span class='ocrx_word' id='word_1_100' title='bbox 335 1373 458 1438; x_wconf 88' lang='lat' dir='ltr'>honore</span> <span class='ocrx_word' id='word_1_101' title='bbox 484 1373 593 1457; x_wconf 88' lang='lat' dir='ltr'>aliquo</span> <span class='ocrx_word' id='word_1_102' title='bbox 615 1373 767 1457; x_wconf 86' lang='lat' dir='ltr'>fuissent,</span> <span class='ocrx_word' id='word_1_103' title='bbox 796 1373 851 1458; x_wconf 88' lang='lat' dir='ltr'>qui</span> <span class='ocrx_word' id='word_1_104' title='bbox 874 1395 912 1438; x_wconf 84' lang='lat' dir='ltr'>ex</span> <span class='ocrx_word' id='word_1_105' title='bbox 935 1373 1133 1474; x_wconf 78' lang='lat' dir='ltr'>praedonum</span> 
     </span>
     <span class='ocr_line' id='line_1_15' title="bbox 128 1460 1134 1562; baseline 0.001 -38"><span class='ocrx_word' id='word_1_106' title='bbox 128 1460 265 1545; x_wconf 88' lang='lat' dir='ltr'>insidiis,</span> <span class='ocrx_word' id='word_1_107' title='bbox 288 1461 344 1545; x_wconf 88' lang='lat' dir='ltr'>qui</span> <span class='ocrx_word' id='word_1_108' title='bbox 362 1483 400 1526; x_wconf 85' lang='lat' dir='ltr'>ex</span> <span class='ocrx_word' id='word_1_109' title='bbox 418 1464 651 1545; x_wconf 86' lang='lat' dir='ltr'>tempestatum</span> <span class='ocrx_word' id='word_1_110' title='bbox 669 1461 822 1546; x_wconf 90' lang='lat' dir='ltr'>periculis</span> <span class='ocrx_word' id='word_1_111' title='bbox 845 1461 1108 1562; x_wconf 85' lang='lat' dir='ltr'>profugissent,&#39;</span> <span class='ocrx_word' id='word_1_112' title='bbox 1099 1483 1134 1525; x_wconf 91' lang='lat' dir='ltr'>m</span> 
     </span>
     <span class='ocr_line' id='line_1_16' title="bbox 91 1546 1133 1633; baseline 0.007 -26"><span class='ocrx_word' id='word_1_113' title='bbox 91 1565 116 1607; x_wconf 81' lang='grc'>11</span> <span class='ocrx_word' id='word_1_114' title='bbox 130 1546 240 1614; x_wconf 81' lang='lat' dir='ltr'>Sicilia</span> <span class='ocrx_word' id='word_1_115' title='bbox 269 1549 372 1613; x_wconf 89' lang='lat' dir='ltr'>securi</span> <span class='ocrx_word' id='word_1_116' title='bbox 395 1547 583 1633; x_wconf 82' lang='lat' dir='ltr'>ferirentur,</span> <span class='ocrx_word' id='word_1_117' title='bbox 610 1571 683 1614; x_wconf 92' lang='lat' dir='ltr'>cum</span> <span class='ocrx_word' id='word_1_118' title='bbox 706 1571 740 1614; x_wconf 89' lang='lat' dir='ltr'>se</span> <span class='ocrx_word' id='word_1_119' title='bbox 763 1550 829 1614; x_wconf 87' lang='lat' dir='ltr'>iam</span> <span class='ocrx_word' id='word_1_120' title='bbox 853 1549 983 1615; x_wconf 89' lang='lat' dir='ltr'>domum</span> <span class='ocrx_word' id='word_1_121' title='bbox 1006 1550 1133 1614; x_wconf 82' lang='lat' dir='ltr'>venisse</span> 
     </span>
     <span class='ocr_line' id='line_1_17' title="bbox 130 1635 389 1700; baseline -0.004 0"><span class='ocrx_word' id='word_1_122' title='bbox 130 1635 389 1700; x_wconf 83' lang='lat' dir='ltr'>arbitrarentur?</span> 
     </span>
    </p>

    <p class='ocr_par' dir='ltr' id='par_1_3' title="bbox 129 1697 1185 1983">
     <span class='ocr_line' id='line_1_18' title="bbox 196 1697 1185 1822; baseline 0.001 -34"><span class='ocrx_word' id='word_1_123' title='bbox 196 1723 283 1788; x_wconf 87' lang='lat' dir='ltr'>Nam</span> <span class='ocrx_word' id='word_1_124' title='bbox 310 1722 387 1807; x_wconf 88' lang='lat' dir='ltr'>quid</span> <span class='ocrx_word' id='word_1_125' title='bbox 414 1745 474 1809; x_wconf 87' lang='lat' dir='ltr'>ego</span> <span class='ocrx_word' id='word_1_126' title='bbox 503 1725 541 1788; x_wconf 89' lang='lat' dir='ltr'>de</span> <span class='ocrx_word' id='word_1_127' title='bbox 567 1724 602 1788; x_wconf 88' lang='lat' dir='ltr'>P.</span> <span class='ocrx_word' id='word_1_128' title='bbox 627 1723 745 1808; x_wconf 80' lang='lat' dir='ltr'>Gavio,</span> <span class='ocrx_word' id='word_1_129' title='bbox 772 1723 922 1790; x_wconf 78' lang='lat' dir='ltr'>Consano</span> <span class='ocrx_word' id='word_1_130' title='bbox 946 1725 1115 1809; x_wconf 78' lang='lat' dir='ltr'>municipe,</span> <span class='ocrx_word' id='word_1_131' title='bbox 1135 1697 1185 1822; x_wconf 54' lang='lat'>165}</span> 
     </span>
     <span class='ocr_line' id='line_1_19' title="bbox 130 1811 1133 1898; baseline -0.001 -21"><span class='ocrx_word' id='word_1_132' title='bbox 130 1811 248 1896; x_wconf 92' lang='lat' dir='ltr'>dicam,</span> <span class='ocrx_word' id='word_1_133' title='bbox 274 1811 408 1896; x_wconf 88' lang='lat' dir='ltr'>iudices,</span> <span class='ocrx_word' id='word_1_134' title='bbox 436 1816 492 1876; x_wconf 87' lang='lat' dir='ltr'>aut</span> <span class='ocrx_word' id='word_1_135' title='bbox 519 1834 582 1896; x_wconf 89' lang='lat' dir='ltr'>qua</span> <span class='ocrx_word' id='word_1_136' title='bbox 604 1813 637 1877; x_wconf 84' lang='lat' dir='ltr'>vi</span> <span class='ocrx_word' id='word_1_137' title='bbox 659 1813 761 1897; x_wconf 82' lang='lat' dir='ltr'>vocis,</span> <span class='ocrx_word' id='word_1_138' title='bbox 790 1833 854 1896; x_wconf 91' lang='lat' dir='ltr'>qua</span> <span class='ocrx_word' id='word_1_139' title='bbox 877 1813 1039 1898; x_wconf 82' lang='lat' dir='ltr'>gravitate</span> <span class='ocrx_word' id='word_1_140' title='bbox 1062 1834 1133 1877; x_wconf 82' lang='lat' dir='ltr'>ver-</span> 
     </span>
     <span class='ocr_line' id='line_1_20' title="bbox 129 1899 1133 1983; baseline 0 -18"><span class='ocrx_word' id='word_1_141' title='bbox 129 1901 258 1982; x_wconf 89' lang='lat' dir='ltr'>borum,</span> <span class='ocrx_word' id='word_1_142' title='bbox 286 1921 349 1983; x_wconf 89' lang='lat' dir='ltr'>quo</span> <span class='ocrx_word' id='word_1_143' title='bbox 378 1900 489 1965; x_wconf 92' lang='lat' dir='ltr'>dolore</span> <span class='ocrx_word' id='word_1_144' title='bbox 517 1900 616 1965; x_wconf 91' lang='lat' dir='ltr'>animi</span> <span class='ocrx_word' id='word_1_145' title='bbox 644 1899 770 1966; x_wconf 78' lang='lat' dir='ltr'>dicam?</span> <span class='ocrx_word' id='word_1_146' title='bbox 803 1901 936 1965; x_wconf 90' lang='lat' dir='ltr'>tametsi</span> <span class='ocrx_word' id='word_1_147' title='bbox 964 1901 1057 1966; x_wconf 93' lang='lat' dir='ltr'>dolor</span> <span class='ocrx_word' id='word_1_148' title='bbox 1081 1922 1133 1966; x_wconf 91' lang='lat' dir='ltr'>me</span> 
     </span>
    </p>

    <p class='ocr_par' dir='ltr' id='par_1_4' title="bbox 87 1987 1184 3573">
     <span class='ocr_line' id='line_1_21' title="bbox 89 1987 1134 2074; baseline 0.005 -27"><span class='ocrx_word' id='word_1_149' title='bbox 89 2008 116 2047; x_wconf 83' lang='grc' dir='ltr'>1ο</span> <span class='ocrx_word' id='word_1_150' title='bbox 128 2011 195 2054; x_wconf 93' lang='lat' dir='ltr'>non</span> <span class='ocrx_word' id='word_1_151' title='bbox 213 1987 333 2072; x_wconf 72' lang='lat' dir='ltr'>deficit,</span> <span class='ocrx_word' id='word_1_152' title='bbox 356 1991 393 2051; x_wconf 91' lang='lat' dir='ltr'>ut</span> <span class='ocrx_word' id='word_1_153' title='bbox 411 1991 518 2053; x_wconf 89' lang='grc'>111111</span> <span class='ocrx_word' id='word_1_154' title='bbox 536 1989 616 2053; x_wconf 89' lang='lat' dir='ltr'>mihi</span> <span class='ocrx_word' id='word_1_155' title='bbox 634 1989 669 2053; x_wconf 92' lang='lat' dir='ltr'>in</span> <span class='ocrx_word' id='word_1_156' title='bbox 690 1988 822 2054; x_wconf 90' lang='lat' dir='ltr'>dicendo</span> <span class='ocrx_word' id='word_1_157' title='bbox 846 1989 945 2074; x_wconf 85' lang='lat' dir='ltr'>digna</span> <span class='ocrx_word' id='word_1_158' title='bbox 967 2010 1011 2073; x_wconf 92' lang='lat' dir='ltr'>re,</span> <span class='ocrx_word' id='word_1_159' title='bbox 1035 1989 1134 2074; x_wconf 87' lang='lat' dir='ltr'>digna</span> 
     </span>
     <span class='ocr_line' id='line_1_22' title="bbox 130 2075 1134 2162; baseline -0.001 -21"><span class='ocrx_word' id='word_1_160' title='bbox 130 2077 240 2142; x_wconf 91' lang='lat' dir='ltr'>dolore</span> <span class='ocrx_word' id='word_1_161' title='bbox 265 2096 336 2140; x_wconf 89' lang='lat' dir='ltr'>meo</span> <span class='ocrx_word' id='word_1_162' title='bbox 361 2079 549 2161; x_wconf 91' lang='lat' dir='ltr'>suppetant,</span> <span class='ocrx_word' id='word_1_163' title='bbox 576 2077 682 2162; x_wconf 88' lang='lat' dir='ltr'>magis</span> <span class='ocrx_word' id='word_1_164' title='bbox 705 2077 919 2141; x_wconf 89' lang='lat' dir='ltr'>laborandum</span> <span class='ocrx_word' id='word_1_165' title='bbox 943 2081 1000 2142; x_wconf 89' lang='lat' dir='ltr'>est.</span> <span class='ocrx_word' id='word_1_166' title='bbox 1041 2075 1134 2152; x_wconf 86' lang='lat' dir='ltr'>Quod</span> 
     </span>
     <span class='ocr_line' id='line_1_23' title="bbox 129 2164 1134 2248; baseline -0.001 -19"><span class='ocrx_word' id='word_1_167' title='bbox 129 2165 251 2230; x_wconf 89' lang='lat' dir='ltr'>crimen</span> <span class='ocrx_word' id='word_1_168' title='bbox 279 2165 346 2228; x_wconf 90' lang='lat' dir='ltr'>eius</span> <span class='ocrx_word' id='word_1_169' title='bbox 374 2164 461 2228; x_wconf 91' lang='lat' dir='ltr'>modi</span> <span class='ocrx_word' id='word_1_170' title='bbox 490 2168 553 2248; x_wconf 90' lang='lat' dir='ltr'>est,</span> <span class='ocrx_word' id='word_1_171' title='bbox 584 2168 634 2248; x_wconf 90' lang='lat' dir='ltr'>ut,</span> <span class='ocrx_word' id='word_1_172' title='bbox 664 2187 736 2230; x_wconf 89' lang='lat' dir='ltr'>cum</span> <span class='ocrx_word' id='word_1_173' title='bbox 763 2165 905 2248; x_wconf 89' lang='lat' dir='ltr'>primum</span> <span class='ocrx_word' id='word_1_174' title='bbox 933 2166 974 2230; x_wconf 89' lang='lat' dir='ltr'>ad</span> <span class='ocrx_word' id='word_1_175' title='bbox 1001 2185 1052 2228; x_wconf 90' lang='lat' dir='ltr'>me</span> <span class='ocrx_word' id='word_1_176' title='bbox 1080 2165 1134 2229; x_wconf 90' lang='lat' dir='ltr'>de-</span> 
     </span>
     <span class='ocr_line' id='line_1_24' title="bbox 129 2253 1133 2338; baseline 0 -21"><span class='ocrx_word' id='word_1_177' title='bbox 129 2253 234 2317; x_wconf 87' lang='lat' dir='ltr'>latum</span> <span class='ocrx_word' id='word_1_178' title='bbox 252 2256 311 2337; x_wconf 87' lang='lat' dir='ltr'>est,</span> <span class='ocrx_word' id='word_1_179' title='bbox 330 2273 464 2316; x_wconf 89' lang='lat' dir='ltr'>usurum</span> <span class='ocrx_word' id='word_1_180' title='bbox 482 2275 534 2316; x_wconf 91' lang='lat' dir='ltr'>me</span> <span class='ocrx_word' id='word_1_181' title='bbox 552 2253 611 2317; x_wconf 94' lang='lat' dir='ltr'>illo</span> <span class='ocrx_word' id='word_1_182' title='bbox 630 2275 696 2317; x_wconf 91' lang='lat' dir='ltr'>non</span> <span class='ocrx_word' id='word_1_183' title='bbox 714 2256 877 2338; x_wconf 80' lang='lat' dir='ltr'>putarem3</span> <span class='ocrx_word' id='word_1_184' title='bbox 891 2253 1029 2318; x_wconf 80' lang='lat' dir='ltr'>&#39;tametsi</span> <span class='ocrx_word' id='word_1_185' title='bbox 1047 2253 1133 2317; x_wconf 91' lang='lat' dir='ltr'>enim</span> 
     </span>
     <span class='ocr_line' id='line_1_25' title="bbox 129 2340 1133 2426; baseline 0.001 -21"><span class='ocrx_word' id='word_1_186' title='bbox 129 2341 333 2405; x_wconf 90' lang='lat' dir='ltr'>verissimum</span> <span class='ocrx_word' id='word_1_187' title='bbox 365 2361 435 2405; x_wconf 89' lang='lat' dir='ltr'>esse</span> <span class='ocrx_word' id='word_1_188' title='bbox 466 2340 712 2426; x_wconf 80' lang='lat' dir='ltr'>intellegebam,</span> <span class='ocrx_word' id='word_1_189' title='bbox 743 2345 853 2405; x_wconf 87' lang='lat' dir='ltr'>tamen</span> <span class='ocrx_word' id='word_1_190' title='bbox 883 2341 1034 2406; x_wconf 88' lang='lat' dir='ltr'>credibile</span> <span class='ocrx_word' id='word_1_191' title='bbox 1063 2341 1133 2406; x_wconf 90' lang='lat' dir='ltr'>fore</span> 
     </span>
     <span class='ocr_line' id='line_1_26' title="bbox 89 2427 1133 2494; baseline 0.008 -9"><span class='ocrx_word' id='word_1_192' title='bbox 89 2445 114 2486; x_wconf 82' lang='grc'>11</span> <span class='ocrx_word' id='word_1_193' title='bbox 129 2450 196 2492; x_wconf 89' lang='grc'>111</span> <span class='ocrx_word' id='word_1_194' title='bbox 232 2428 424 2492; x_wconf 87' lang='lat' dir='ltr'>arbitrabar.</span> <span class='ocrx_word' id='word_1_195' title='bbox 474 2427 612 2493; x_wconf 84' lang='lat' dir='ltr'>Coactus</span> <span class='ocrx_word' id='word_1_196' title='bbox 649 2429 802 2494; x_wconf 85' lang='lat' dir='ltr'>lacrumis</span> <span class='ocrx_word' id='word_1_197' title='bbox 839 2430 982 2494; x_wconf 90' lang='lat' dir='ltr'>omnium</span> <span class='ocrx_word' id='word_1_198' title='bbox 1015 2429 1133 2494; x_wconf 86' lang='lat' dir='ltr'>civium</span> 
     </span>
     <span class='ocr_line' id='line_1_27' title="bbox 129 2514 1133 2602; baseline 0.003 -23"><span class='ocrx_word' id='word_1_199' title='bbox 129 2516 364 2600; x_wconf 87' lang='lat' dir='ltr'>Romanorum,</span> <span class='ocrx_word' id='word_1_200' title='bbox 388 2515 443 2599; x_wconf 93' lang='lat' dir='ltr'>qui</span> <span class='ocrx_word' id='word_1_201' title='bbox 465 2516 500 2580; x_wconf 93' lang='lat' dir='ltr'>in</span> <span class='ocrx_word' id='word_1_202' title='bbox 518 2514 629 2581; x_wconf 82' lang='lat' dir='ltr'>Sicilia</span> <span class='ocrx_word' id='word_1_203' title='bbox 650 2517 872 2602; x_wconf 84' lang='lat' dir='ltr'>negotiantur,</span> <span class='ocrx_word' id='word_1_204' title='bbox 895 2519 1051 2584; x_wconf 91' lang='lat' dir='ltr'>adductus</span> <span class='ocrx_word' id='word_1_205' title='bbox 1070 2515 1133 2582; x_wconf 87' lang='lat' dir='ltr'>Va·</span> 
     </span>
     <span class='ocr_line' id='line_1_28' title="bbox 128 2603 1133 2690; baseline 0.002 -22"><span class='ocrx_word' id='word_1_206' title='bbox 128 2604 339 2688; x_wconf 89' lang='lat' dir='ltr'>lentinorum,</span> <span class='ocrx_word' id='word_1_207' title='bbox 374 2603 541 2669; x_wconf 93' lang='lat' dir='ltr'>hominum</span> <span class='ocrx_word' id='word_1_208' title='bbox 573 2605 889 2690; x_wconf 89' lang='lat' dir='ltr'>honestissimorum,</span> <span class='ocrx_word' id='word_1_209' title='bbox 926 2607 1133 2689; x_wconf 89' lang='lat' dir='ltr'>omniumque</span> 
     </span>
     <span class='ocr_line' id='line_1_29' title="bbox 128 2691 1133 2778; baseline 0.001 -23"><span class='ocrx_word' id='word_1_210' title='bbox 128 2691 327 2777; x_wconf 82' lang='lat' dir='ltr'>Reginorum</span> <span class='ocrx_word' id='word_1_211' title='bbox 354 2692 551 2758; x_wconf 91' lang='lat' dir='ltr'>testimoniis</span> <span class='ocrx_word' id='word_1_212' title='bbox 578 2695 817 2778; x_wconf 90' lang='lat' dir='ltr'>multorumque</span> <span class='ocrx_word' id='word_1_213' title='bbox 845 2695 991 2778; x_wconf 88' lang='lat' dir='ltr'>equitum</span> <span class='ocrx_word' id='word_1_214' title='bbox 1015 2693 1133 2758; x_wconf 87' lang='lat' dir='ltr'>Roma-</span> 
     </span>
     <span class='ocr_line' id='line_1_30' title="bbox 127 2779 1132 2864; baseline -0.001 -19"><span class='ocrx_word' id='word_1_215' title='bbox 127 2801 257 2863; x_wconf 91' lang='lat' dir='ltr'>norum,</span> <span class='ocrx_word' id='word_1_216' title='bbox 281 2779 337 2864; x_wconf 88' lang='lat' dir='ltr'>qui</span> <span class='ocrx_word' id='word_1_217' title='bbox 359 2801 436 2844; x_wconf 90' lang='lat' dir='ltr'>casu</span> <span class='ocrx_word' id='word_1_218' title='bbox 458 2784 529 2846; x_wconf 92' lang='lat' dir='ltr'>tum</span> <span class='ocrx_word' id='word_1_219' title='bbox 550 2780 719 2846; x_wconf 87' lang='lat' dir='ltr'>Messanae</span> <span class='ocrx_word' id='word_1_220' title='bbox 741 2781 886 2864; x_wconf 86' lang='lat' dir='ltr'>fuerunt,</span> <span class='ocrx_word' id='word_1_221' title='bbox 910 2781 982 2846; x_wconf 91' lang='lat' dir='ltr'>dedi</span> <span class='ocrx_word' id='word_1_222' title='bbox 1004 2784 1132 2845; x_wconf 91' lang='lat' dir='ltr'>tantum</span> 
     </span>
     <span class='ocr_line' id='line_1_31' title="bbox 89 2867 1132 2953; baseline 0.007 -28"><span class='ocrx_word' id='word_1_223' title='bbox 89 2886 115 2926; x_wconf 82' lang='lat' dir='ltr'>eo</span> <span class='ocrx_word' id='word_1_224' title='bbox 129 2867 236 2951; x_wconf 89' lang='lat' dir='ltr'>priore</span> <span class='ocrx_word' id='word_1_225' title='bbox 251 2867 376 2932; x_wconf 89' lang='lat' dir='ltr'>actione</span> <span class='ocrx_word' id='word_1_226' title='bbox 390 2869 533 2953; x_wconf 88' lang='lat' dir='ltr'>testium,</span> <span class='ocrx_word' id='word_1_227' title='bbox 552 2891 603 2934; x_wconf 87' lang='lat' dir='ltr'>res</span> <span class='ocrx_word' id='word_1_228' title='bbox 617 2873 654 2934; x_wconf 91' lang='lat' dir='ltr'>ut</span> <span class='ocrx_word' id='word_1_229' title='bbox 667 2870 790 2934; x_wconf 88' lang='lat' dir='ltr'>nemini</span> <span class='ocrx_word' id='word_1_230' title='bbox 808 2869 906 2934; x_wconf 91' lang='lat' dir='ltr'>dubia</span> <span class='ocrx_word' id='word_1_231' title='bbox 925 2891 994 2934; x_wconf 90' lang='lat' dir='ltr'>esse</span> <span class='ocrx_word' id='word_1_232' title='bbox 1012 2872 1132 2952; x_wconf 90' lang='lat' dir='ltr'>posset.</span> 
     </span>
     <span class='ocr_line' id='line_1_32' title="bbox 129 2955 1184 3042; baseline -0.005 -21"><span class='ocrx_word' id='word_1_233' title='bbox 129 2955 212 3031; x_wconf 80' lang='lat' dir='ltr'>Quid</span> <span class='ocrx_word' id='word_1_234' title='bbox 230 2977 314 3020; x_wconf 91' lang='lat' dir='ltr'>nunc</span> <span class='ocrx_word' id='word_1_235' title='bbox 333 2957 451 3041; x_wconf 78' lang='lat' dir='ltr'>agam?</span> <span class='ocrx_word' id='word_1_236' title='bbox 488 2955 570 3022; x_wconf 82' lang='lat' dir='ltr'>Oum</span> <span class='ocrx_word' id='word_1_237' title='bbox 587 2958 654 3022; x_wconf 91' lang='lat' dir='ltr'>iam</span> <span class='ocrx_word' id='word_1_238' title='bbox 672 2961 723 3022; x_wconf 89' lang='lat' dir='ltr'>tot</span> <span class='ocrx_word' id='word_1_239' title='bbox 741 2957 839 3021; x_wconf 87' lang='lat' dir='ltr'>horas</span> <span class='ocrx_word' id='word_1_240' title='bbox 858 2957 896 3021; x_wconf 92' lang='lat' dir='ltr'>de</span> <span class='ocrx_word' id='word_1_241' title='bbox 913 2979 978 3022; x_wconf 91' lang='lat' dir='ltr'>uno</span> <span class='ocrx_word' id='word_1_242' title='bbox 998 2978 1114 3042; x_wconf 83' lang='lat' dir='ltr'>genere</span> <span class='ocrx_word' id='word_1_243' title='bbox 1134 2967 1184 3017; x_wconf 81' lang='lat' dir='ltr'>roe</span> 
     </span>
     <span class='ocr_line' id='line_1_33' title="bbox 129 3043 1132 3130; baseline 0.002 -22"><span class='ocrx_word' id='word_1_244' title='bbox 129 3067 165 3108; x_wconf 94' lang='lat' dir='ltr'>ac</span> <span class='ocrx_word' id='word_1_245' title='bbox 200 3043 238 3107; x_wconf 93' lang='lat' dir='ltr'>de</span> <span class='ocrx_word' id='word_1_246' title='bbox 270 3043 365 3108; x_wconf 89' lang='lat' dir='ltr'>istius</span> <span class='ocrx_word' id='word_1_247' title='bbox 396 3044 521 3110; x_wconf 83' lang='lat' dir='ltr'>nefaria</span> <span class='ocrx_word' id='word_1_248' title='bbox 552 3045 743 3110; x_wconf 89' lang='lat' dir='ltr'>crudelitate</span> <span class='ocrx_word' id='word_1_249' title='bbox 776 3045 893 3130; x_wconf 90' lang='lat' dir='ltr'>dicam,</span> <span class='ocrx_word' id='word_1_250' title='bbox 927 3068 998 3111; x_wconf 90' lang='lat' dir='ltr'>cum</span> <span class='ocrx_word' id='word_1_251' title='bbox 1030 3067 1132 3130; x_wconf 86' lang='lat' dir='ltr'>prope</span> 
     </span>
     <span class='ocr_line' id='line_1_34' title="bbox 128 3131 1131 3216; baseline 0.003 -20"><span class='ocrx_word' id='word_1_252' title='bbox 128 3153 257 3196; x_wconf 88' lang='lat' dir='ltr'>omnem</span> <span class='ocrx_word' id='word_1_253' title='bbox 284 3131 350 3213; x_wconf 89' lang='lat' dir='ltr'>vim</span> <span class='ocrx_word' id='word_1_254' title='bbox 373 3132 545 3197; x_wconf 90' lang='lat' dir='ltr'>verborum</span> <span class='ocrx_word' id='word_1_255' title='bbox 569 3132 637 3196; x_wconf 88' lang='lat' dir='ltr'>eius</span> <span class='ocrx_word' id='word_1_256' title='bbox 660 3132 761 3214; x_wconf 91' lang='lat' dir='ltr'>modi,</span> <span class='ocrx_word' id='word_1_257' title='bbox 790 3155 872 3216; x_wconf 88' lang='lat' dir='ltr'>quae</span> <span class='ocrx_word' id='word_1_258' title='bbox 895 3135 1014 3199; x_wconf 89' lang='lat' dir='ltr'>scelere</span> <span class='ocrx_word' id='word_1_259' title='bbox 1036 3133 1131 3199; x_wconf 89' lang='lat' dir='ltr'>istius</span> 
     </span>
     <span class='ocr_line' id='line_1_35' title="bbox 128 3219 1132 3306; baseline 0.003 -22"><span class='ocrx_word' id='word_1_260' title='bbox 128 3220 227 3306; x_wconf 85' lang='lat' dir='ltr'>digna</span> <span class='ocrx_word' id='word_1_261' title='bbox 259 3219 338 3303; x_wconf 90' lang='lat' dir='ltr'>sint,</span> <span class='ocrx_word' id='word_1_262' title='bbox 370 3219 443 3284; x_wconf 87' lang='lat' dir='ltr'>aliis</span> <span class='ocrx_word' id='word_1_263' title='bbox 473 3220 507 3284; x_wconf 91' lang='lat' dir='ltr'>in</span> <span class='ocrx_word' id='word_1_264' title='bbox 535 3220 630 3284; x_wconf 89' lang='lat' dir='ltr'>rebus</span> <span class='ocrx_word' id='word_1_265' title='bbox 659 3222 913 3306; x_wconf 87' lang='lat' dir='ltr'>consumpserim</span> <span class='ocrx_word' id='word_1_266' title='bbox 939 3243 1043 3306; x_wconf 90' lang='lat' dir='ltr'>neque</span> <span class='ocrx_word' id='word_1_267' title='bbox 1069 3222 1132 3288; x_wconf 91' lang='lat' dir='ltr'>hoc</span> 
     </span>
     <span class='ocr_line' id='line_1_36' title="bbox 87 3307 1131 3392; baseline 0.003 -19"><span class='ocrx_word' id='word_1_268' title='bbox 87 3324 113 3366; x_wconf 73' lang='lat'>⁸⁵</span> <span class='ocrx_word' id='word_1_269' title='bbox 126 3308 336 3392; x_wconf 88' lang='lat' dir='ltr'>providerim,</span> <span class='ocrx_word' id='word_1_270' title='bbox 358 3311 396 3371; x_wconf 91' lang='lat' dir='ltr'>ut</span> <span class='ocrx_word' id='word_1_271' title='bbox 416 3308 574 3372; x_wconf 89' lang='lat' dir='ltr'>varietate</span> <span class='ocrx_word' id='word_1_272' title='bbox 597 3307 766 3374; x_wconf 88' lang='lat' dir='ltr'>criminum</span> <span class='ocrx_word' id='word_1_273' title='bbox 789 3331 847 3375; x_wconf 86' lang='lat' dir='ltr'>vos</span> <span class='ocrx_word' id='word_1_274' title='bbox 872 3311 1022 3376; x_wconf 86' lang='lat' dir='ltr'>adtentos</span> <span class='ocrx_word' id='word_1_275' title='bbox 1044 3314 1131 3376; x_wconf 93' lang='lat' dir='ltr'>tene·</span> 
     </span>
     <span class='ocr_line' id='line_1_37' title="bbox 127 3395 1131 3484; baseline 0.006 -25"><span class='ocrx_word' id='word_1_276' title='bbox 127 3417 210 3480; x_wconf 89' lang='lat' dir='ltr'>rem,</span> <span class='ocrx_word' id='word_1_277' title='bbox 238 3419 333 3480; x_wconf 90' lang='lat' dir='ltr'>quem</span> <span class='ocrx_word' id='word_1_278' title='bbox 361 3395 402 3461; x_wconf 86' lang='lat' dir='ltr'>ad</span> <span class='ocrx_word' id='word_1_279' title='bbox 429 3396 559 3461; x_wconf 91' lang='lat' dir='ltr'>modum</span> <span class='ocrx_word' id='word_1_280' title='bbox 588 3397 626 3461; x_wconf 90' lang='lat' dir='ltr'>de</span> <span class='ocrx_word' id='word_1_281' title='bbox 653 3400 747 3462; x_wconf 86' lang='lat' dir='ltr'>tanta</span> <span class='ocrx_word' id='word_1_282' title='bbox 773 3420 808 3462; x_wconf 89' lang='lat' dir='ltr'>re</span> <span class='ocrx_word' id='word_1_283' title='bbox 832 3399 957 3464; x_wconf 82' lang='lat' dir='ltr'>dicam?</span> <span class='ocrx_word' id='word_1_284' title='bbox 999 3397 1131 3484; x_wconf 92' lang='lat' dir='ltr'>Opinor,</span> 
     </span>
     <span class='ocr_line' id='line_1_38' title="bbox 127 3485 1130 3573; baseline 0.005 -25"><span class='ocrx_word' id='word_1_285' title='bbox 127 3505 209 3548; x_wconf 89' lang='lat' dir='ltr'>unus</span> <span class='ocrx_word' id='word_1_286' title='bbox 224 3485 339 3550; x_wconf 90' lang='lat' dir='ltr'>modus</span> <span class='ocrx_word' id='word_1_287' title='bbox 354 3489 451 3569; x_wconf 90' lang='lat' dir='ltr'>atque</span> <span class='ocrx_word' id='word_1_288' title='bbox 464 3507 530 3550; x_wconf 87' lang='lat' dir='ltr'>una</span> <span class='ocrx_word' id='word_1_289' title='bbox 547 3487 632 3551; x_wconf 86' lang='lat' dir='ltr'>ratio</span> <span class='ocrx_word' id='word_1_290' title='bbox 652 3489 714 3570; x_wconf 72' lang='lat' dir='ltr'>est,</span> <span class='ocrx_word' id='word_1_291' title='bbox 733 3508 802 3551; x_wconf 88' lang='lat' dir='ltr'>rem</span> <span class='ocrx_word' id='word_1_292' title='bbox 820 3487 855 3565; x_wconf 89' lang='lat' dir='ltr'>in</span> <span class='ocrx_word' id='word_1_293' title='bbox 873 3487 978 3553; x_wconf 90' lang='lat' dir='ltr'>medio</span> <span class='ocrx_word' id='word_1_294' title='bbox 996 3510 1130 3573; x_wconf 89' lang='lat' dir='ltr'>ponam;</span> 
     </span>
    </p>
   </div>
   <div class='ocr_carea' id='block_1_3' title="bbox 0 0 1316 3884">
    <p class='ocr_par' dir='ltr' id='par_1_5' title="bbox 0 0 1316 3884">
     <span class='ocr_line' id='line_1_39' title="bbox 0 0 1316 3884; baseline 0 0"><span class='ocrx_word' id='word_1_295' title='bbox 0 0 1316 3884; x_wconf 95' lang='lat' dir='ltr'> </span> 
     </span>
    </p>
   </div>
  </div>
 </body>
</html>
