2604 3880
380 145 447 202 uls.
466 146 480 200 1
512 144 590 200 cnr.
610 151 715 205 ss-se
734 152 749 214 s
768 151 881 203 ss-es.
1072 148 1136 214 175

1 363 2 376 ³
125 290 283 358 deinde
273 313 308 355 m
340 290 458 358 oodieis
492 293 545 356 ext
547 313 637 356 rema
669 313 742 357 aera
772 312 891 358 nomen
922 292 1110 358 infimum
1100 317 1135 359 ιιι

124 380 290 467 flagitiosa
317 379 418 444 littura
439 378 530 445 feeit·
523 401 700 465 ,expensa
723 377 937 468 Chrysogono
962 403 1055 448 servo
1078 380 1134 448 HS

125 472 273 534 sescenta
290 468 383 533 milis
404 472 537 554 accepta
559 469 685 554 pupillo
707 467 862 535 Malleolo
885 473 952 535 rett
922 470 1024 535 ttulit.
1065 469 1135 547 Quo

124 557 221 623 modo
249 578 289 622 ax
316 556 444 622 deciens
467 555 523 622 HS
551 560 699 624 sescenta
726 558 792 622 sint
819 559 920 642 faeta,
948 581 1011 644 quo
1039 560 1135 626 modo

97 663 171 712 suc
199 645 312 711 eodem
339 645 437 711 modo
462 645 667 730 quadrarint,
694 649 732 711 ut
754 646 814 711 illa
836 646 875 712 de
898 645 957 712 On.
975 645 1135 713 Carbonis

124 734 261 820 pecunia
292 734 419 819 reliqua
445 731 501 800 HS
534 738 682 800 sescenta
712 733 802 800 faeta
833 735 912 818 sint,
945 757 1008 820 quo
1039 737 1135 803 modo

125 821 339 909 Chrysogono
358 843 498 906 expensa
521 823 591 888 late
614 823 689 905 sint,
712 844 768 888 eur
790 823 824 888 id
845 845 965 888 nomen
987 824 1136 891 infimum

123 911 159 975 in
186 911 349 996 lituraque
377 911 435 995 sit,
462 932 520 976 vos
549 911 787 977 existimabitis.
837 911 961 978 Tamen
987 909 1043 977 HS
1071 935 1136 978 ses·
1154 925 1188 976 aa

124 1003 220 1065 senta
238 999 331 1064 milia
353 1021 426 1065 oum
450 1003 582 1085 aeeepts
604 1001 796 1085 rettulisset,
817 999 874 1065 HS
898 1000 1136 1087 quinquaginta

84 1107 110 1146 ro
125 1089 217 1152 milia
249 1087 359 1154 soluta
389 1109 457 1152 non
489 1091 579 1171 sunt,
614 1087 778 1172 homines,
814 1093 1030 1174 posteaquam
1060 1111 1135 1156 reus

123 1176 231 1242 faetus
251 1180 309 1260 est,
331 1175 450 1243 redditi
468 1176 527 1241 elii
543 1182 625 1260 sunt,
649 1177 707 1241 alii
725 1177 824 1242 etiam
842 1200 927 1243 nune
945 1177 1136 1263 retinentur,

124 1265 252 1348 peeulia
270 1264 415 1330 omnium
433 1265 609 1348 vicariique
627 1265 817 1331 retinentur.
852 1265 942 1332 Haeo
966 1270 1016 1331 est
1038 1267 1134 1332 istius
1145 1272 1186 1337 37

124 1353 293 1436 praeclara
315 1353 429 1418 tutela.
473 1352 535 1437 En,
558 1353 611 1418 eui
632 1357 707 1419 tuos
731 1354 852 1420 liberos
876 1356 1072 1439 committas,
1095 1377 1136 1420 en

125 1441 317 1507 memoriam
340 1441 463 1507 mortui
486 1441 621 1525 sodalis,
645 1465 686 1507 en
708 1446 831 1508 metum
854 1443 1003 1508 vivorum
1027 1444 1136 1510 existi·

84 1547 110 1589 rs
125 1530 293 1596 metionis!
339 1527 422 1595 Cum
449 1530 512 1595 tibi
537 1551 571 1596 se
599 1533 671 1596 tota
694 1531 775 1596 Asia
797 1531 1002 1614 spoliandam
1025 1554 1062 1598 aa
1084 1555 1136 1599 ve·

123 1620 264 1684 xandam
295 1618 512 1702 praebuisset,
544 1640 618 1685 eum
649 1619 711 1684 tibi
738 1620 887 1702 exposita
914 1624 1000 1685 esset
1029 1621 1135 1686 omnis

124 1707 166 1772 sd
188 1707 410 1793 praedandum
427 1706 631 1792 Pamphylia,
655 1710 787 1772 sentent
772 1711 826 1772 tus
849 1707 901 1772 his
923 1711 994 1773 tam
1017 1708 1135 1791 opimis

123 1797 221 1861 rebus
247 1816 314 1861 non
339 1795 431 1860 fuist'
406 1798 447 1881 ιι,
474 1817 589 1861 manus
618 1818 637 1860 s
664 1796 783 1880 tutela,
810 1817 925 1860 manus
954 1818 973 1860 a
1000 1796 1135 1880 pupillo,

124 1906 240 1950 manus
260 1907 279 1949 a
298 1885 419 1950 sodalis
438 1885 507 1949 filio
531 1883 695 1949 abstinere
717 1905 784 1949 non
806 1905 849 1968 po
851 1883 945 1948 tuisr
918 1884 966 1949 it?
1007 1883 1134 1950 Iamte

11 2001 14 2008 ·
82 1991 110 2031 ao
123 1995 189 2039 non
213 1970 327 2056 Siculi,
353 1994 420 2037 non
447 1977 607 2055 aratores,
634 1976 672 2037 ut
698 1972 764 2037 diet
750 1972 843 2055 trt,as
870 1971 1134 2056 circumveniunt,

122 2083 189 2126 non
207 2061 251 2144 hi,
273 2061 330 2145 qui
354 2061 471 2126 deerat
447 2065 490 2126 trs
510 2023 688 2145 edietlsqus
708 2060 807 2125 tuis
798 2083 834 2124 ιιι
855 2064 889 2125 te
912 2060 1098 2126 eonoitsti
1088 2083 1135 2125 ιιι-

123 2149 264 2234 festique
283 2153 373 2233 sunt3
395 2148 570 2215 Malleolus
589 2172 609 2214 a
627 2170 678 2214 me
699 2149 875 2234 productus
900 2152 951 2214 est
973 2152 1006 2214 et
1029 2153 1135 2214 meter

1 2235 6 2242 ’
123 2238 193 2303 eius
221 2241 319 2322 atque
347 2238 434 2322 avia,
461 2260 543 2322 quae
570 2238 707 2303 miserae
734 2237 849 2302 flentes
877 2258 1025 2304 eversum
1053 2260 1073 2304 a
1100 2241 1134 2302 te

123 2349 259 2410 puerum
284 2326 402 2413 patriis
430 2326 525 2391 bonis
553 2347 623 2392 esse
651 2326 808 2391 dixerunt.
785 2325 938 2401 tQuid
961 2330 1074 2410 expeet
1060 2327 1133 2392 tas?
1153 2338 1186 2388 94

82 2431 110 2472 2⁵
124 2438 167 2480 en
194 2416 271 2482 dum
299 2415 341 2480 ab
369 2413 514 2479 inferis
504 2438 516 2477 1
517 2436 574 2500 pse
597 2414 770 2479 Malleolus
795 2414 932 2480 exsistat
954 2419 1052 2499 atque
1075 2416 1133 2480 abs

123 2507 157 2568 te
177 2502 285 2569 officia
302 2506 354 2568 tut
356 2503 435 2588 else,
458 2503 643 2568 sodalitatis
662 2502 962 2587 familiaritatisque
984 2503 1079 2590 flegit
1064 2504 1134 2569 tet?

123 2589 236 2676 Ipsum
249 2595 345 2675 putat
347 2613 366 2657 ο
330 2591 502 2656 tadesse
534 2590 641 2657 Homo
656 2591 846 2658 avarissime
865 2595 899 2656 et
918 2592 1134 2676 spureissime,

123 2680 220 2744 redde
248 2680 335 2744 bona
362 2680 484 2745 sodalis
509 2679 593 2763 filio,
625 2679 654 2746 si
680 2701 747 2745 non
774 2701 857 2764 quae
886 2679 1066 2763 abstulisti,
1099 2684 1134 2745 st

124 2789 206 2852 quae
241 2768 407 2834 confessus
439 2769 488 2833 es!
539 2766 604 2832 (lur
636 2769 727 2854 cogis
759 2768 881 2834 sodalis
913 2768 1018 2832 filium
1050 2730 1134 2833 liano

83 2873 110 2912 ιο
123 2856 264 2940 primam
300 2856 335 2921 in
365 2854 438 2921 foro
470 2877 584 2922 vocem
617 2877 690 2922 oum
723 2856 835 2922 dolore
867 2859 901 2920 et
933 2856 1134 2940 querimonia

124 2944 295 3010 emittere?
315 2966 372 3010 eur
391 2944 512 3010 sodalis
531 2966 674 3029 uxorem,
697 2945 818 3010 sodalis
843 2965 980 3027 soerum,
1004 2943 1133 3008 domum

123 3031 260 3118 denique
287 3036 393 3098 totam
423 3033 545 3098 sodalis
573 3033 694 3099 mortui
717 3037 832 3098 eontra
854 3036 887 3096 te
909 3031 1134 3098 testimonium

123 3120 249 3187 dicere?
282 3143 339 3187 eur
368 3121 622 3207 pudentissimas
649 3120 908 3204 laetissimusque
934 3118 1071 3186 feminas
1098 3120 1134 3184 in

121 3211 250 3274 tantum
265 3209 410 3274 virorum
425 3214 619 3275 conventum
633 3209 785 3275 insolitas
801 3209 985 3292 invitasque
1003 3209 1133 3293 prodire

81 3312 109 3355 ιι
122 3297 236 3384 cogis?
272 3297 389 3364 Recita
411 3297 555 3364 omnium
577 3298 773 3364 testimonie.
809 3296 1051 3362 Tusumoruuu
1072 3315 1133 3362 nu·

122 3403 198 3452 ulus
222 3403 268 3451 ΕΤ
292 3404 408 3452 swan.

188 3472 252 3540 Pro
268 3479 439 3564 quaestore
454 3495 530 3541 vero
550 3496 614 3559 quo
634 3473 729 3538 modo
748 3473 811 3538 iste
830 3495 998 3539 commune
1017 3473 1131 3559 Milya·
1143 3436 1185 3563 ll}
