2576 3882
352 207 420 261 ΜΒ.
439 208 479 262 111
512 207 587 263 cAP.
607 215 710 266 20-23
730 217 877 278 §51-50.
1056 212 1120 278 291

111 349 286 434 Pergaeus,
308 351 416 435 quiin
436 373 494 416 sua
512 353 621 438 patria
645 353 709 418 dux
731 355 788 420 isti
811 357 974 439 quondam
997 361 1031 422 et
1054 380 1122 422 ma·

112 438 216 524 gister
244 438 285 504 ad
309 440 515 524 spoliandum
538 439 662 506 Dianae
685 443 844 527 templum
866 444 945 530 fuit)
969 449 1002 509 et
1024 445 1122 510 haru-

111 527 234 610 spicem
257 525 430 592 Volusium
458 532 491 593 et
512 527 681 594 Valerium
708 552 909 613 praeconem.
958 532 1122 619 Nympho,

111 618 287 700 antequam
310 617 407 699 plane
430 617 592 701 constitit,
615 617 855 684 condemnatur.
901 619 1036 706 Quanti,
1058 621 1122 686 for·

82 707 200 768 arasse
231 703 396 788 quaeritis.
440 701 543 770 Nulla
571 709 641 770 erat
669 706 766 771 edicti
792 729 897 791 poena
924 713 1026 793 certa3
1057 709 1122 774 fru-

111 791 214 856 menti
237 792 341 856 omnis
366 793 448 876 eius,
472 793 558 877 quod
580 793 616 858 in
639 793 723 859 areis
747 799 841 860 esset.
882 793 935 861 Sic
957 796 1121 880 Apronius

111 880 306 945 decumanus
338 901 405 946 non
436 881 604 946 decumam
637 882 794 967 debitam,
824 905 891 949 non
923 883 1122 950 frumentum

110 971 273 1033 remotum
288 971 386 1052 atque
400 970 551 1052 celatum,
569 969 626 1034 scd
638 971 741 1036 tritici
754 989 804 1036 vn
817 971 910 1037 milia
923 972 1122 1038 medimnum

111 1078 151 1121 cx
172 1056 378 1141 Nymphonis
402 1058 603 1123 arationibus
626 1058 723 1123 edicti
744 1080 863 1144 poena,
888 1081 956 1126 non
977 1061 1122 1146 redemp-

71 1161 97 1202 10
112 1143 213 1230 tionis
237 1145 347 1228 aliquo
370 1145 439 1210 iure
461 1146 561 1211 tollit.
1154 1215 1161 1241 ί

177 1231 321 1299 Xenonis
333 1233 491 1318 Menaeni,
504 1234 701 1299 nobilissimi
712 1234 864 1320 hominis,
877 1236 988 1302 uxoris
1000 1235 1120 1302 fundus
1131 1211 1175 1338 ἐξ

111 1324 183 1386 erat
209 1321 323 1386 colono
347 1322 487 1406 locatus3
514 1323 665 1406 colonus,
693 1324 778 1407 quod
802 1324 1121 1391 decumanorum-in-

110 1409 211 1474 iurias
232 1409 318 1474 ferre
339 1431 405 1474 non
428 1413 571 1494 poterat,
595 1433 633 1475 ex
657 1431 737 1496 agro
759 1411 960 1498 profugerat.
1002 1414 1121 1479 Verres

110 1497 146 1562 in
168 1495 336 1563 Xenonem
358 1497 512 1563 iudicium
536 1498 635 1563 dabat
658 1499 740 1563 illud
763 1521 856 1564 suum
881 1500 1122 1566 damnatorium

71 1601 97 1642 1⁵
112 1585 151 1649 de
165 1585 313 1671 iugerum
327 1585 537 1670 professione.
569 1585 661 1651 Xeno
677 1587 717 1650 ad
736 1608 770 1651 se
788 1589 951 1672 pertinere
968 1591 1121 1674 negabat,

110 1672 247 1738 fundum
275 1675 437 1739 elocatum
464 1695 534 1738 esse
558 1672 694 1739 dicebat.
740 1674 851 1740 Dabat
872 1677 935 1741 iste
958 1677 1122 1761 iudicium,

112 1759 147 1826 sr
174 1779 335 1826 PARERET
363 1779 493 1827 monas
521 1779 598 1827 mus
626 1779 737 1828 suum
763 1781 877 1827 Puusn
900 1781 996 1845 assu,
1024 1781 1122 1840 quau

112 1866 271 1916 oonouus
289 1867 396 1916 assur
415 1867 620 1934 propassus,
639 1853 710 1915 tum
728 1850 778 1914 uti
793 1849 885 1915 Xeno
905 1852 1124 1917 damnaretur.-

111 1937 250 2003 Dicebat
281 1938 338 2003 ille
364 1960 430 2003 non
458 1938 554 2003 modo
583 1959 617 2002 sc
644 1960 710 2002 non
739 1959 863 2023 arasse,
893 1939 927 2004 id
955 1939 1042 2023 quod
1069 1944 1122 2004 sat

71 2043 98 2084 20
111 2029 192 2110 erat,
215 2026 271 2091 sed
289 2047 349 2092 nee
367 2025 533 2091 dominum
553 2047 623 2091 esse
647 2025 715 2090 eius
737 2025 830 2090 fundi
852 2047 911 2092 nee
933 2027 1122 2112 locatorem,

110 2114 221 2180 uxoris
241 2135 323 2198 csse;
348 2135 420 2178 cam
437 2115 544 2197 ipsam
563 2136 658 2178 suum
679 2115 847 2199 negotium
871 2135 992 2200 gerere,
1014 2115 1122 2200 ipsam

110 2201 278 2267 locavisse.
322 2201 528 2267 Defendebat
550 2201 717 2267 Xenonem
742 2202 840 2267 homo
865 2224 991 2268 summo
1016 2205 1121 2288 splen·

111 2289 189 2356 dore
221 2295 254 2356 et
285 2312 413 2356 summa
443 2290 636 2356 auctoritate
663 2290 844 2376 praeditus,
875 2291 919 2356 M.
942 2290 1122 2357 Cossutius.

110 2377 179 2444 Iste
191 2379 296 2444 nihilo
311 2379 417 2443 minus
430 2379 584 2444 indicium
598 2376 653 2442 HS
668 2395 743 2444 1000
764 2379 872 2444 dabat.
907 2379 969 2444 Ille
987 2379 1121 2446 tametsi

70 2485 98 2526 as
111 2469 355 2551 recuperatores
375 2467 413 2532 de
432 2467 565 2532 cohorte
584 2467 750 2532 latronum
768 2467 832 2532 sibi
849 2467 960 2552 parari
981 2469 1122 2553 videbat,

111 2558 223 2620 tamen
240 2555 392 2620 iudicium
413 2577 447 2619 se
465 2557 673 2640 accepturum
692 2575 761 2641 esse
780 2555 916 2620 dicebat.
952 2556 1035 2621 Tum
1057 2557 1120 2622 iste

112 2644 256 2709 maxima
277 2665 355 2709 voce
372 2643 521 2708 Veneriis
544 2643 693 2728 imperat,
715 2647 753 2707 ut
770 2642 862 2709 Xeno
887 2643 1022 2728 audiret,
1045 2645 1121 2709 dum

111 2754 163 2798 res
195 2731 367 2816 iudicetur,
398 2730 563 2796 hominem
595 2734 632 2796 ut
662 2730 847 2816 adservent3
879 2753 951 2796 oum
978 2732 1121 2796 iudicata

112 2820 169 2903 sit,
202 2820 243 2886 ad
273 2841 307 2885 sc
335 2823 372 2884 ut
399 2820 573 2902 adducant,
606 2822 639 2883 ct
666 2819 749 2883 illud
776 2819 872 2884 simul
901 2819 961 2902 ait,
993 2841 1028 2882 se
1055 2840 1121 2884 non

70 2908 355 2994 sputaminum,
378 2907 407 2972 si
428 2912 563 2992 propter
586 2907 716 2972 divitias
740 2929 879 2991 poenam
903 2905 1120 2970 damnationis

113 3000 342 3079 contemneret,
366 2995 464 3060 etiam
483 2996 594 3082 virgas
614 2999 885 3078 contempturum.
920 2992 992 3058 Hac
1010 2993 1067 3057 illa
1087 2994 1121 3057 vi

112 3088 145 3150 et
155 3085 218 3150 hoc
232 3088 321 3149 metu
336 3083 493 3149 adductus
508 3087 637 3148 tantum
652 3084 835 3148 decumanis
851 3081 949 3165 dedit,
963 3085 1120 3165 quantum

9 3233 10 3240 ,
110 3173 174 3238 iste
196 3172 378 3257 imperavit.

9 3259 10 3342 ξ
176 3259 408 3326 Polemarchus
446 3264 495 3324 est
527 3258 767 3345 Murgentinus,
803 3258 854 3324 vir
885 3259 989 3322 bonus
1023 3227 1173 3356 atquc25‘}

72 3349 275 3414 shonesrus.
324 3349 367 3413 ni
399 3371 471 3414 oum
502 3369 561 3433 pro
594 3347 760 3433 iugeribus
791 3345 1027 3432 quinquaginta
1055 3368 1119 3410 me-

9 3463 10 3468 *
112 3437 221 3502 dimna
253 3453 323 3503 Dcc
354 3437 506 3502 decumae
537 3436 789 3520 imperarentur,
822 3435 908 3518 quod
938 3435 1118 3519 recusabat,

111 3527 241 3592 domum
260 3526 302 3592 ad
319 3525 419 3591 istum
437 3526 472 3590 in
490 3524 540 3589 ius
560 3526 693 3589 eductus
713 3527 763 3588 est
781 3527 823 3608 et,
847 3545 918 3588 cum
937 3523 1000 3588 istc
1019 3523 1118 3589 etiam

850 3626 904 3683 19*
