2622 3884
171 173 236 234 498
471 170 510 224 IN
528 171 558 226 0.
572 169 726 226 VERREM
744 170 825 228 ΑΟΤ.
843 172 877 226 Π.

171 314 241 377 auri
274 314 395 399 grande
422 315 562 398 pondus,
595 312 775 399 Syracusis,
808 336 879 381 eum
909 315 1017 381 omnia
1044 318 1177 400 praeter
1284 340 1287 379 ι

120 413 168 462 181
188 405 310 466 tectum
333 406 366 466 ct
387 402 528 486 parietes
552 403 697 484 abstulit,
719 408 825 487 teque,
845 403 973 469 Latona
995 407 1028 468 et
1050 401 1175 487 Apollo
1211 403 1218 411 '
1284 382 1288 449 i

170 491 203 553 et
225 489 345 571 Diana,
374 511 511 573 quorum
538 491 601 555 iste
623 489 699 554 Deli
720 511 787 556 non
808 491 933 576 fanum,
961 491 1030 574 sed,
1057 495 1095 555 ut
1117 491 1175 554 ho·
1284 494 1287 507 '

169 577 293 641 minum
320 577 429 660 opinio
458 582 490 642 et
516 578 633 663 religio
660 578 738 662 fert,
766 579 875 643 sedem
902 579 1070 662 antiquam
1096 578 1175 643 divi·

168 686 309 748 numque
329 665 528 730 domicilium
549 669 709 731 nocturno
732 666 903 731 latrocinio
927 672 1025 749 atque
1048 665 1203 749 impetus

169 752 360 835 conpilavit3
384 753 483 818 etiarn
504 757 546 838 te,
567 752 698 838 Apollo,
721 775 818 837 quem
839 755 902 819 iste
925 753 1007 819 Chio
1031 753 1174 836 sustulit,

169 843 265 923 teque
293 840 392 904 etiam
420 845 517 925 atque
545 841 657 925 etiam,
683 841 803 925 Diana,
830 863 927 926 quam
949 841 1073 926 Pergae
1101 862 1174 925 spo·

169 927 276 1012 liavit,
308 929 398 994 cuius
430 929 638 993 simulacrum
671 929 912 994 sanctissimum
940 927 1093 1015 Segestae
1120 927 1173 992 bis

170 1016 256 1099 apud
269 1013 465 1102 Segestanos
480 1021 711 1101 consecratum,
730 1017 829 1081 semel
844 1017 988 1101 ipsorum
1005 1015 1173 1102 religione,

169 1103 287 1168 iterum
314 1104 349 1168 Ρ.
369 1103 516 1170 Africani
542 1104 692 1188 victoria,
719 1104 900 1169 tollendum
927 1103 1173 1188 asportandum·
1189 1125 1216 1164 ro

170 1213 232 1275 que
250 1192 388 1275 curavit,
410 1195 520 1276 teque,
541 1191 694 1274 Mercuri,
718 1213 813 1275 quem
827 1191 945 1256 Verres
964 1191 999 1256 in
1021 1192 1116 1256 domo
1140 1195 1174 1255 et

169 1279 205 1342 in
235 1279 364 1362 privata
395 1279 505 1362 alique
533 1279 698 1364 palaestra
724 1280 846 1364 posuit,
878 1279 913 1343 P.
937 1278 1110 1343 Africanus
1137 1278 1174 1341 in

168 1367 248 1431 urbe
268 1367 428 1431 sociorum
448 1370 480 1430 et
500 1366 535 1431 in
558 1367 728 1452 gymnasio
747 1366 1041 1450 Tyndaritanorum
1063 1367 1174 1431 iuven·

119 1468 167 1517 186
187 1454 267 1517 tutis
281 1454 413 1519 illorum
427 1455 593 1519 custodem
607 1476 645 1519 ac
659 1455 838 1537 praesidem
852 1454 956 1520 voluit
969 1475 1049 1537 esse,
1066 1456 1173 1537 teque,

168 1540 339 1625 Hercules,
367 1563 462 1625 quem
488 1541 551 1606 iste
570 1541 745 1627 Agrigenti
771 1545 866 1607 noete
889 1542 1085 1626 intempesta
1108 1561 1214 1606 ser-15

168 1650 282 1693 vorum
315 1628 475 1694 instructa
508 1633 541 1694 ct
572 1633 760 1712 comparata
791 1652 889 1694 manu
921 1629 1100 1695 convellere
1133 1650 1172 1692 ex

168 1715 233 1781 tuis
262 1717 390 1781 sedibus
418 1721 516 1801 atque
545 1717 671 1781 auferre
698 1720 834 1783 conatus
857 1721 920 1801 est,
946 1721 1055 1801 teque,
1083 1738 1173 1780 sanc·

168 1804 296 1869 tissime
310 1809 414 1870 mater
427 1804 533 1888 Idaea,
548 1827 646 1889 quam
660 1805 745 1889 apud
757 1804 926 1890 Enguinos
940 1803 1172 1890 augustissimo

168 1895 202 1957 et
224 1892 471 1978 religiosissimo
494 1892 673 1976 intemplo
697 1892 744 1957 sic
767 1892 942 1976 spoliatam
965 1891 1110 1975 reliquit,
1135 1895 1174 1956 ut

167 2001 252 2044 nune
278 2002 396 2044 nornen
424 1980 519 2045 modo
538 1979 686 2045 Africani
713 1984 746 2045 et
771 1980 914 2063 vestigia
935 1980 1076 2044 violatae
1099 1979 1172 2043 reli·
1186 1998 1214 2037 eo

169 2067 275 2153 gionis
305 2072 470 2152 maneant,
502 2071 713 2132 monumenta
739 2067 895 2132 victoriae
921 2066 1052 2151 fanique
1079 2089 1172 2131 orna-

169 2159 279 2220 menta
295 2178 362 2221 non
380 2159 515 2240 exstent,
538 2176 669 2239 vosque,
693 2155 837 2220 omnium
855 2177 963 2220 rerum
985 2154 1173 2236 forensium,

169 2244 377 2309 consiliorum
401 2244 624 2327 maximorum,
647 2243 757 2328 legum
779 2242 1033 2326 iudiciorumque
1057 2242 1173 2306 arbitri

169 2336 202 2394 et
232 2334 333 2395 testes
361 2331 570 2396 celeberrimo
597 2330 633 2394 in
658 2331 730 2396 loco
757 2330 871 2414 populi
898 2328 1037 2395 Romani
1064 2329 1171 2413 locati,

169 2416 285 2482 Castor
317 2422 350 2482 et
376 2418 508 2501 Pollux,
540 2439 677 2502 quorum
704 2440 722 2482 e
753 2418 876 2501 templo
910 2421 1080 2501 quaestum
1108 2417 1171 2481 iste
1185 2434 1213 2475 as

169 2504 231 2568 sibi
254 2510 287 2568 et
309 2505 462 2589 praedam
484 2505 750 2590 inprobissimam
772 2506 974 2590 conparavit,
997 2526 1171 2588 omnesque

169 2592 213 2675 di,
241 2591 296 2676 qui
323 2591 479 2657 vehiculis
507 2598 673 2657 tensarum
699 2592 865 2658 sollemnis
888 2597 998 2658 coetus
1021 2593 1171 2656 ludorum

167 2679 272 2763 initis,
300 2702 437 2765 quorum
464 2679 527 2744 iter
554 2681 616 2744 iste
644 2680 686 2746 ad
713 2702 807 2745 suum
832 2684 1016 2764 quaestum,
1041 2701 1108 2745 non
1130 2680 1172 2744 ad

153 2768 363 2854 ⁸religionum
374 2767 566 2854 dignitatem
576 2767 760 2833 faciundum
770 2768 1025 2854 exigendumque
1037 2767 1172 2851 curavit,

118 2868 167 2918 187
187 2860 292 2940 teque,
311 2854 406 2921 Ceres
426 2860 460 2920 et
476 2855 603 2938 Libera,
622 2877 758 2939 quarum
777 2877 878 2939 sacra,
902 2855 985 2921 sicut
1003 2855 1171 2955 opiniones
1186 2874 1214 2913 so

168 2943 336 3008 hominum
363 2965 400 3008 ae
427 2943 602 3028 religiones
629 2942 752 3023 ferunt,
779 2943 877 3028 longe
902 2943 1051 3007 maxim1s
1075 2946 1172 3025 etque

169 3031 396 3096 occultissimis
424 3030 627 3096 caerimoniis
650 3031 869 3113 continentur,
896 3053 916 3094 1
939 3030 1055 3114 quibus
1077 3030 1173 3094 initia

168 3118 255 3183 vitae
275 3121 371 3201 atque
389 3118 504 3202 rictus,
527 3140 663 3200 morum,
686 3119 806 3203 legum,
828 3117 1092 3200 mansuetudinis,
1114 3116 1172 3180 hu·

169 3205 337 3270 manitstis
364 3205 550 3271 hominibus
574 3209 607 3270 et
630 3205 816 3270 civitatibus
840 3205 918 3270 data
941 3227 978 3270 ae
1002 3204 1172 3289 dispertita

169 3313 239 3355 esse
275 3293 437 3374 dicuntur,
474 3314 610 3377 quarum
647 3313 739 3357 sacra
774 3292 913 3376 populus
949 3292 1114 3357 Romanus
1152 3315 1172 3356 1
1186 3310 1212 3350 ³⁵

169 3375 300 3442 Graecis
328 3378 452 3443 adscita
479 3383 512 3442 et
540 3383 671 3463 accepta
693 3384 786 3444 tanta
808 3379 965 3463 religione
989 3383 1022 3443 et
1043 3379 1172 3463 publice

169 3465 203 3525 et
229 3463 382 3543 privatim
409 3468 532 3548 tuetur,
560 3487 627 3529 non
652 3469 691 3529 nt
718 3466 759 3529 ab
787 3465 854 3529 illis
881 3466 945 3531 huc
971 3467 1087 3550 allata,
1115 3466 1172 3530 sed

1142 3806 1306 3817 μ-
