2604 3880
184 141 247 206 176
482 138 521 193 IN
541 139 569 195 O.
584 138 740 195 VERREM
758 137 837 194 AOT.
856 139 889 194 ll.

182 287 259 350 dum
272 284 407 368 vexarit,
426 304 490 369 quo
507 284 604 350 modo
618 284 760 370 Lyciam,
777 283 1017 370 Pamphyliam,
1035 284 1190 351 Pisidiam

182 374 422 460 Phrygiamque
442 377 550 438 totam
570 373 734 439 frumento
758 373 957 458 imperando,
980 374 1191 458 aestimando,

181 463 242 528 bac
275 485 346 545 sua,
380 483 477 547 quam
508 466 579 527 tum
611 464 753 549 primum
785 463 997 550 excogitavit,
1030 462 1192 528 Siciliensi

181 551 409 617 aestimatione
442 549 607 636 afflixerit,
639 573 705 617 non
733 554 784 616 eet
810 573 940 617 necesse
968 551 1191 617 demonstrare

181 639 303 725 verbis,
325 639 388 706 hoc
406 639 532 724 scitote,
556 639 620 720 [his
638 640 835 725 nominibus,
858 663 939 724 quae
958 662 1010 705 res
1029 662 1087 726 per
1106 640 1216 706 hunos

181 732 293 815 gestae
326 731 414 810 sunt]
443 751 517 794 eum
543 729 606 792 iste
633 729 821 794 civitatibus
848 729 1063 813 frumentum,
1094 729 1192 814 coria,
1293 751 1298 776 ¹

181 817 296 901 cilicia,
319 839 429 883 saccos
450 817 627 902 imperaret
648 838 753 900 neque
777 839 815 882 aa
838 822 980 882 sumeret
1002 840 1127 902 proque
1150 819 1191 883 iis

181 906 278 972 rebus
294 906 463 990 pecuniam
482 905 635 990 exigeret,
653 905 705 969 his
722 905 909 972 nominibus
929 905 1008 972 solis
1023 905 1080 971 On.
1091 907 1191 972 Dola-

182 995 288 1060 bellae
314 992 369 1058 HS
401 994 443 1059 ad
473 993 606 1058 triciens
638 993 729 1058 litem
758 1015 828 1058 esse
856 995 1077 1080 aestimatam3
1108 1017 1190 1079 quae

181 1085 299 1167 omnia,
318 1083 447 1149 etiamsi
466 1082 634 1146 voluntate
653 1081 846 1148 Dolabellae
864 1083 995 1166 fiebant,
1013 1105 1071 1169 per
1089 1084 1190 1150 istum
1205 1104 1229 1144 ιο

127 1183 162 1234 ao
180 1177 291 1238 tamen
316 1171 426 1236 omnia
449 1170 655 1256 gerebantur.
694 1170 880 1238 Consistam
902 1171 936 1236 in
958 1193 1023 1236 uno
1046 1173 1190 1256 nomine3

180 1261 286 1325 multa
313 1260 399 1324 enim
428 1263 504 1324 suut
529 1280 569 1323 ex
591 1259 704 1324 eodem
727 1281 852 1346 genere.
897 1260 1020 1325 Recita.
1065 1259 1119 1325 Du
1143 1279 1190 1325 nr-

181 1365 281 1414 rmus
318 1364 525 1413 snsrruaurs
563 1345 622 1414 On.
649 1347 893 1414 Donnuunnan
930 1367 984 1414 Pa.
1014 1365 1189 1414 Pacuuiae

179 1451 378 1502 annaeum.
411 1436 511 1513 Quor>
530 1453 554 1501 n
573 1453 734 1502 connum
752 1436 947 1502 Mmrnnun
962 1474 1014 1502 -.
1045 1436 1091 1502 Te
1109 1439 1190 1504 haec
1248 1485 1250 1490 -

180 1525 335 1611 coegisse,
352 1529 386 1590 te
400 1525 600 1609 aestimasse,
618 1525 680 1590 tibi
696 1525 865 1609 pecuniam
884 1529 1100 1591 mumeratam
1119 1549 1189 1592 esse
1204 1545 1228 1586 1⁵

180 1613 264 1697 dico,
290 1613 465 1697 eademque
488 1614 521 1678 vi
545 1618 577 1678 et
599 1613 731 1696 iniuria,
758 1636 831 1678 eum
853 1615 1006 1700 pecunias
1029 1615 1188 1681 maximas
1297 1611 1298 1616 ’

180 1723 323 1788 cogeres,
346 1724 404 1788 per
423 1723 534 1767 omnes
552 1705 663 1787 partes
682 1700 867 1787 provinciae
886 1706 919 1767 te
940 1707 1109 1787 tamquam
1133 1705 1189 1769 ali·

180 1813 277 1874 quam
297 1790 522 1856 calamitosam
545 1793 774 1874 tempestatem
795 1795 984 1875 pestemque
1007 1793 1189 1877 pervasisse

126 1887 160 1938 97
180 1879 376 1944 demonstro.
421 1878 538 1964 Itaque
567 1877 609 1942 M.
633 1875 785 1963 Scaurus,
817 1879 873 1963 qui
899 1878 956 1944 Cn.
978 1879 1188 1946 Dolabellam

178 1968 357 2051 accusavit,
387 1967 489 2032 istum
515 1967 550 2032 in
578 1989 636 2032 sua
663 1970 827 2051 potestate
856 1990 893 2033 ac
920 1968 1044 2034 dicione
1071 1970 1187 2034 tenuit.
1203 1988 1229 2026 2⁰
1285 1999 1298 2028 a

178 2054 287 2121 Homo
302 2056 489 2121 adulescens
508 2079 582 2121 cum
600 2055 696 2120 istius
713 2056 749 2120 in
765 2055 957 2141 inquirendo
977 2057 1081 2122 multa
1098 2056 1189 2122 furta
1258 2106 1263 2118 .

179 2165 217 2208 aa
238 2143 366 2229 flagitia
388 2147 574 2230 cognosset,
597 2144 675 2210 fecit
697 2145 801 2229 perite
825 2149 858 2210 et
881 2145 1009 2228 callide3
1035 2147 1189 2211 volumen

178 2231 247 2296 eius
274 2253 383 2296 rerum
411 2236 577 2319 gestarum
604 2233 781 2298 maximum
802 2233 860 2298 isti
884 2233 1040 2318 ostendit;
1067 2235 1108 2299 ab
1132 2234 1188 2300 ho·

179 2319 273 2402 mine,
287 2342 368 2404 quae
382 2322 496 2404 voluit,
509 2321 545 2386 in
557 2321 765 2387 Dolabellam
780 2321 931 2404 abstulit3
953 2321 1053 2386 istum
1067 2326 1187 2388 testem

177 2408 343 2493 produxit3
371 2408 453 2473 dixit
479 2409 556 2493 iste,
585 2431 666 2494 quae
693 2410 777 2474 velle
805 2415 1026 2475 accusatorem
1049 2412 1187 2496 putavit.
1203 2431 1230 2470 25

178 2495 248 2572 Quo
267 2518 442 2582 exgenere
461 2498 542 2562 mihi
560 2498 703 2582 testium,
726 2498 782 2582 qui
800 2521 873 2564 cum
891 2499 956 2564 isto
977 2499 1079 2563 furati
1101 2504 1187 2585 sunt,

178 2585 207 2648 si
232 2584 282 2649 uti
304 2585 494 2671 voluissem,
521 2607 642 2672 magna
665 2586 758 2671 eopia
779 2585 909 2671 fuisset3
937 2588 1053 2672 quint
1076 2609 1110 2652 se
1133 2611 1187 2674 pe
1297 2635 1298 2638 ,

176 2671 279 2739 riculo
307 2674 429 2761 litium,
457 2674 682 2741 coniunctione
707 2675 880 2740 criminum
902 2676 1092 2759 liberarent,
1121 2698 1187 2761 quo

124 2780 160 2830 98
179 2783 240 2848 ego
271 2763 403 2847 vellem,
436 2761 644 2829 descensuros
673 2763 921 2847 pollicebantur.
969 2763 1093 2828 Eorum
1123 2786 1186 2850 ego

177 2851 380 2917 voluntatem
412 2854 556 2917 omnium
588 2852 768 2936 repudiavi3
799 2874 867 2917 non
892 2852 988 2918 modo
1015 2853 1229 2938 proditoriae

177 2938 233 3002 sed
250 2961 291 3003 ne
309 2939 464 3027 perfugae
483 2941 613 3025 quidem
632 2941 722 3006 loeus
740 2940 774 3004 in
793 2941 874 3005 meis
895 2941 1011 3006 castris
1035 2941 1186 3026 cuiquam

175 3025 247 3091 fuit.
287 3025 438 3093 Forsitan
467 3029 617 3094 meliores
645 3029 696 3093 illi
719 3033 922 3095 accusatores
945 3029 1086 3094 habendi
1109 3030 1186 3113 sint,

176 3115 231 3198 qui
244 3115 323 3181 baec
338 3117 447 3182 omnia
460 3117 605 3183 fecerunt
621 3105 713 3186 l-Ita
730 3121 808 3202 est];
828 3118 885 3183 sed
903 3139 963 3204 ego
983 3118 1186 3184 defensorem

175 3202 210 3266 in
240 3225 313 3268 mea
346 3227 499 3290 persona,
535 3227 601 3270 non
633 3210 854 3272 accusatorem
885 3207 1025 3272 maxime
1057 3207 1186 3271 laudari

174 3291 259 3354 volo.
295 3290 452 3358 Rationes
471 3295 512 3358 ad
531 3295 699 3378 aerarium,
722 3299 896 3379 antequam
914 3295 1088 3360 Dolabella
1108 3317 1185 3360 con·
1199 3310 1225 3351 ³5

175 3377 345 3443 damnatus
373 3385 436 3465 est,
462 3403 528 3446 non
556 3382 652 3446 audet
677 3382 810 3467 referre3
836 3385 993 3468 impetrat
1017 3407 1036 3448 a
1060 3387 1184 3467 senatu,

174 3466 212 3525 ut
231 3464 298 3528 dies
317 3466 381 3530 sibi
401 3473 641 3554 prorogaretur,
665 3471 751 3554 quod
773 3472 905 3537 tabulas
929 3493 1004 3536 suas
1029 3472 1070 3536 ab
1094 3493 1184 3537 aecu-

1294 3189 1298 3218 l
