2564 3876
186 155 229 220 28
360 159 362 164 '
454 151 526 207 PRO
545 152 575 207 P.
594 149 765 216 QUINCTIO
785 148 928 204 ORATIO.

187 296 361 365 afferatur?
407 295 512 372 Quid?
544 300 582 361 tu
608 295 642 360 id
670 316 765 380 quem
794 294 835 360 ad
862 293 994 360 modum
1018 289 1200 359 observas?

185 387 283 452 Mitto
306 386 389 451 illud
411 385 532 466 dicere,
555 405 638 467 eum,
661 384 717 467 qui
736 404 803 447 non
824 383 975 467 latitans,
999 382 1051 448 oui
1073 382 1202 447 Romae

185 476 315 558 domus,
341 495 436 558 uxor,
464 472 572 554 liberi,
599 476 792 557 procurator
814 475 913 555 esset,
941 493 1029 553 eum,
1056 470 1112 555 qui
1134 470 1202 534 ribi

185 562 406 629 vadimonium
425 582 493 625 non
515 560 723 645 deseruissei3
745 560 825 625 haee
848 559 957 624 omnia
980 559 1092 644 mitt05
1114 559 1203 624 illud

187 652 271 734 dieo,
299 651 466 715 dominum
493 650 663 734 expulsum
690 669 761 713 esse
787 648 993 733 domnedio,
1022 647 1156 712 domino
1182 658 1227 712 a⁵

187 740 311 805 familia
341 761 401 803 sua
428 759 542 802 manus
571 737 690 802 allatas
718 758 788 801 esse
816 741 892 802 ante
920 758 996 801 suos
1023 736 1124 802 Lares
1152 735 1203 800 fa·

186 829 344 913 miliares3
367 827 429 892 hoo
453 827 523 891 dieo
547 873 555 890 .
578 875 585 888 .
609 875 647 952 .*.
746 912 765 952 *

682 957 701 999 a

251 1003 305 1071 Sir
331 1003 433 1071 Cicero
465 1023 525 1085 pro
559 1001 685 1082 Quintio
716 1002 888 1067 mensarii
918 1002 1129 1081 definitiones
1165 1023 1203 1068 es

186 1094 328 1176 opinione
353 1092 513 1158 homiuum
543 1089 748 1172 reprehendit:
780 1087 814 1154 Si
842 1089 898 1174 qui
923 1111 1023 1155 unum
1057 1091 1204 1175 aliquem

187 1183 321 1246 fundum
349 1179 463 1264 quavis
485 1179 611 1244 ratione
633 1179 811 1264 possideat,
836 1179 944 1263 ipsum
966 1183 1077 1244 autem
1101 1180 1204 1244 domi-
1218 1205 1240 1244 ro

186 1293 264 1334 num
278 1269 424 1353 patiatur
440 1271 548 1332 cetera
561 1267 694 1352 praedia
707 1271 825 1349 tenere,
839 1267 877 1349 is,
895 1269 1004 1350 inquit,
1022 1272 1061 1332 ut
1075 1268 1204 1353 opinor,

185 1357 369 1444 praedium,
396 1377 462 1420 non
489 1356 576 1420 bona
603 1356 751 1420 videatur
778 1356 912 1420 alterius
935 1356 1112 1440 possidere.
1157 1358 1206 1422 Et

181 1447 272 1530 ponit
293 1445 499 1527 definitionem
525 1464 632 1508 suom:
664 1443 748 1520 Quid
776 1447 839 1526 est,
866 1445 980 1528 inquit,
1011 1445 1203 1529 possidere?

186 1533 350 1599 Nimirum
391 1533 426 1597 in
461 1532 667 1617 possessione
702 1553 774 1597 esse
811 1554 922 1597 earum
957 1555 1081 1617 rerum,
1119 1555 1203 1618 quae

185 1625 325 1708 possunt
352 1643 389 1687 eo
418 1624 565 1705 tempore
591 1619 759 1706 possideri.
808 1620 926 1686 Probat
950 1621 1107 1687 Naeuium
1137 1644 1203 1688 uon
1216 1641 1239 1684 u

188 1713 276 1794 bonu,
298 1711 351 1776 sed
362 1712 529 1794 praedium
545 1710 729 1792 possedisse:
752 1707 833 1773 cum
853 1708 966 1774 domus
986 1714 1068 1793 erat,
1091 1713 1205 1794 inquit,

186 1801 320 1884 Romae,
343 1799 437 1882 servi,
459 1798 495 1863 in
512 1798 584 1883 ipsa
598 1797 707 1862 Gallia
724 1797 854 1882 privata
872 1797 907 1862 P.
923 1797 1037 1874 Quinti
1059 1799 1204 1883 praedia,

188 1911 270 1974 quae
290 1910 469 1972 numquam
493 1907 590 1951 ausus
614 1908 648 1950 es
671 1886 850 1971 possidere;
872 1891 902 1950 et
922 1887 1053 1968 oollipo'd:
1079 1887 1203 1964 Quodsi

187 1979 274 2043 bona
300 1976 335 2041 P.
364 1975 475 2052 Quinti
503 1974 699 2060 possideres,
730 1975 896 2059 possidere
924 1974 1034 2040 omnia
1062 1997 1100 2041 eo
1134 1977 1203 2041 iuro

188 2066 330 2131 deberes.
375 2065 454 2147 (Iul.
477 2063 636 2190 severiani
654 2066 694 2128 15
711 2069 839 2190 p.*363.
860 2064 929 2148 20.)
1214 2085 1237 2124 so

136 2258 178 2322 28
256 2239 492 2306 ....Naevium
509 2260 550 2303 ne
569 2195 751 2324 appelldsse
770 2239 899 2323 quidem
913 2239 1110 2325 Quinotium,
1130 2263 1202 2307 oum

189 2329 287 2393 simul
319 2332 405 2392 essei
431 2334 459 2393 et
490 2328 630 2412 experiri
661 2332 772 2412 posset
804 2327 936 2411 cotidi03
968 2328 1083 2393 deinde
1116 2330 1203 2414 quod

190 2417 299 2482 omnia
321 2416 440 2481 iudicia
463 2415 656 2482 difficillima
679 2439 751 2481 oum
771 2437 898 2481 summa
917 2438 975 2482 sua
993 2416 1119 2483 invidia
1137 2441 1204 2484 ma·

188 2506 340 2588 ximoque
367 2504 511 2589 periculo
538 2505 573 2569 P.
597 2504 727 2580 Quincti
754 2505 825 2568 fieri
852 2505 965 2570 mallet
993 2526 1092 2589 quam
1119 2506 1204 2571 illud

189 2592 410 2678 pecuniarium
437 2591 603 2674 iudicium,
633 2592 718 2676 quod
745 2615 809 2657 uno
838 2593 889 2657 die
911 2593 1052 2679 transigi
1073 2599 1203 2679 posset3
1216 2611 1238 2654 u

191 2703 228 2747 ex
250 2703 313 2766 quo
332 2703 396 2745 uno
415 2680 496 2747 haee
515 2680 624 2747 omnia
640 2684 720 2745 nata
742 2684 776 2745 ei
797 2682 944 2765 profecta
962 2702 1032 2746 esse
1047 2683 1204 2748 coneedit.

190 2771 261 2848 Quo
292 2770 327 2833 in
360 2770 431 2834 loeo
464 2768 684 2834 condicionem
717 2769 793 2852 tuli,
830 2770 858 2833 si
895 2770 995 2834 vellei
1031 2771 1204 2855 pecuniam
1269 2837 1270 2852 ¹

190 2862 314 2944 peiere,
342 2856 378 2924 P.
402 2856 588 2932 Quinotium
616 2857 793 2923 iudicatum
824 2858 907 2922 solvi
935 2858 1016 2923 ratis
1040 2858 1204 2944 daturum,
1269 2853 1270 2874 ¹

191 2947 266 3012 dum
289 2947 368 3031 ipse,
391 2945 519 3030 siquid
542 2949 677 3030 peteret,
699 2945 771 3031 pari
795 2945 980 3012 condicione
1003 2950 1161 3013 uteretur.

137 3049 171 3098 86
257 3034 407 3117 Ostendi,
437 3055 533 3118 quam
557 3035 663 3099 mulia
684 3037 760 3098 ante
782 3034 853 3099 fieri
875 3035 1075 3120 convenerit,
1105 3058 1202 3120 quam
1216 3053 1238 3096 so

191 3123 332 3188 hominis
350 3122 525 3207 propinqui
547 3123 634 3186 bona
656 3122 816 3206 possideri
838 3124 1092 3207 postulareniur,
1111 3147 1203 3209 prae

191 3211 302 3276 sertim
323 3233 395 3276 oum
413 3211 536 3275 Romae
561 3210 674 3274 domus
698 3210 777 3296 eius,
798 3233 889 3294 uxor,
917 3211 1013 3276 libori
1036 3216 1147 3277 essent
1171 3217 1203 3278 et

190 3303 382 3381 procurator
405 3320 506 3382 aeque
528 3297 698 3381 utriusque
724 3299 934 3366 necessarius.
983 3300 1102 3385 Dooui,
1130 3323 1203 3366 eum
1269 3311 1270 3358 i

191 3383 354 3449 desertum
377 3407 447 3452 osse
470 3385 557 3450 dicat
577 3385 807 3470 vadimonium,
831 3387 962 3453 omnino
980 3388 1203 3454 vadimonium

189 3470 317 3534 nullum
339 3472 453 3557 fuisse3
477 3494 540 3556 quo
564 3471 615 3536 die
638 3473 724 3538 huno
747 3474 810 3538 sibi
833 3475 1022 3560 promisisse
1046 3476 1141 3558 dieat,
1167 3499 1202 3543 eo
1215 3495 1236 3538 ss
