2604 3880
178 207 242 272 154
477 206 517 260 IN
536 206 564 261 G.
578 205 733 261 VERREM
750 205 830 261 ACT.
850 207 883 261 II.

176 357 226 418 est
248 351 392 416 rationes
415 349 557 415 referre?
582 350 644 415 hoc
666 351 762 416 modo
786 356 842 416 aut
866 373 926 438 ego
950 355 1007 417 aut
1029 355 1075 434 tu,
1097 352 1183 418 Hor·

175 439 270 524 tensi,
292 443 348 503 aut
372 439 543 522 quisquam
567 438 710 503 omnium
733 440 884 504 rettulit?
917 438 1001 515 Quid
1022 441 1085 506 hoc
1109 441 1183 506 est?

175 526 1183 681 1111111111111111ἓὲ11111111

174 707 286 768 tamen
308 701 364 766 HS
393 706 539 768 sescenta
565 703 670 785 milia,
697 724 779 786 quae
803 725 844 768 ne
865 703 951 768 falso
975 704 1104 788 quidem
1126 724 1211 788 poa

175 791 240 855 tuit
267 791 384 874 quibus
412 791 489 855 data
516 794 623 856 essent
650 790 843 875 describere,
875 813 956 876 quae
984 813 1018 856 11
1041 790 1183 856 Arimini

176 879 290 944 scribit
308 879 485 962 reliquisse,
509 898 591 962 quae
608 879 681 963 ipsa
698 877 754 942 HS
774 882 920 944 sescenta
942 879 1034 944 milia
1056 881 1183 963 reliqua

175 966 264 1032 facta
300 970 389 1050 sunt,
424 988 527 1050 neque
559 965 666 1032 Carbo
698 967 813 1052 attigit
843 989 946 1051 neque
979 964 1069 1032 Sulla
1100 969 1183 1033 vidit

173 1075 278 1140 neque
305 1055 340 1119 in
367 1054 527 1119 aerarium
551 1054 657 1119 relata
680 1058 764 1118 sunt.
810 1055 972 1140 Oppidum
996 1056 1059 1120 sibi
1081 1057 1183 1142 elegit

174 1142 373 1225 Ariminum,
406 1141 491 1225 quod
521 1144 605 1225 tum,
638 1164 709 1207 oum
741 1143 804 1208 iste
835 1144 977 1208 rationes
1010 1143 1181 1228 referebat,
1196 1163 1225 1204 ro

175 1251 364 1314 oppressum
378 1228 602 1312 direptumque
617 1234 700 1314 erat3
714 1253 780 1295 non
795 1232 1029 1316 suspicabatur,
1047 1231 1080 1295 id
1095 1231 1182 1317 quod

174 1339 260 1383 nunc
288 1317 419 1400 sentiet,
447 1316 528 1380 satis
554 1318 676 1382 multos
704 1339 743 1382 ex
768 1319 829 1383 illa
851 1319 1039 1384 calamitate
1062 1318 1182 1384 Arimi-

121 1417 157 1468 11
175 1405 324 1469 nensium
341 1407 442 1469 testes
462 1404 558 1469 nobis
579 1405 614 1469 in
637 1406 721 1471 hanc
742 1427 812 1471 rem
834 1407 977 1492 reliquos
1001 1428 1080 1472 esse.
1120 1407 1181 1470 Re·

175 1492 240 1558 cita
272 1493 385 1558 denuo.
433 1491 467 1558 P.
490 1491 658 1558 Lunnuno
684 1493 720 1558 L.
744 1493 891 1560 annaro
920 1511 1179 1573 ouansronmos

174 1597 406 1646 annumerans
425 1597 606 1646 1111111111
628 1599 848 1648 1111111111.
889 1581 1010 1647 Recita.
1049 1582 1104 1648 Ex
1123 1581 1222 1647 Sn-1s

175 1685 288 1734 nurus
320 1685 510 1734 consume.
559 1668 607 1734 Ut
641 1670 703 1734 hoc
737 1675 833 1753 pacto
866 1671 1026 1735 rationem
1060 1671 1180 1736 referre

175 1757 299 1838 liceret,
323 1777 361 1821 eo
384 1754 537 1820 Sullanus
559 1761 691 1840 repente
713 1756 820 1823 factus
843 1763 906 1843 est,
928 1781 995 1824 non
1016 1761 1054 1824 ut
1076 1759 1180 1824 honos

177 1848 210 1909 et
234 1844 375 1930 dignitas
398 1843 565 1910 nobilitati
587 1845 821 1910 restitueretur.

243 1931 364 2008 Quodsi
395 1933 487 1998 illinc
515 1932 621 1996 inanis
648 1933 862 2019 profugisses,
893 1938 1003 1999 tamen
1030 1935 1095 2000 ista
1122 1938 1181 2000 tua
1296 2011 1301 2024 .

174 2020 254 2106 fuga
274 2020 398 2085 nefaria
419 2020 561 2106 proditio
584 2021 726 2085 consulis
748 2023 798 2086 tui
822 2023 1041 2087 conscelerata
1062 2023 1180 2087 iudica·
1193 2041 1221 2084 ro

174 2113 273 2188 retur.
289 2145 327 2155 —
343 2107 450 2172 Malus
464 2108 553 2191 civis,
570 2108 738 2194 improbus
753 2111 874 2194 consul,
893 2110 1065 2175 seditiosus
1080 2110 1179 2175 homo

175 2193 358 2260 (incerto
382 2195 454 2259 fuit.
480 2231 517 2242 -
542 2195 654 2261 Fuerit
677 2197 759 2282 aliis,
781 2197 844 2262 tibi
867 2198 995 2283 quando
1019 2219 1088 2263 esse
1111 2220 1180 2264 coe

175 2282 246 2367 pit?
287 2281 504 2365 Posteaquam
531 2283 593 2348 tibi
619 2285 802 2369 pecuniam,
829 2307 897 2350 rem
923 2285 1179 2367 frumentariam,

175 2369 318 2434 rationes
342 2391 452 2434 omnes
476 2393 551 2435 suas
575 2372 813 2456 exercitumque
835 2373 1005 2438 commisit.
1041 2372 1128 2439 Nam
1151 2375 1180 2439 si

175 2457 236 2521 tibi
258 2461 354 2522 antea
372 2457 598 2544 displicuisset,
620 2460 707 2524 idem
724 2461 864 2545 fecisses,
888 2462 974 2544 quod
997 2483 1080 2527 anno
1103 2465 1181 2547 post
1193 2480 1219 2522 2⁶

174 2544 218 2609 M.
236 2543 321 2610 Piso.
362 2544 522 2621 Quaestor
543 2569 616 2612 eum
635 2546 670 2612 L.
687 2545 830 2632 Scipioni
849 2549 973 2613 consuli
997 2550 1178 2634 obtigisset,

174 2654 239 2696 non
258 2633 371 2719 attigit
389 2635 567 2719 pecuniam,
589 2655 656 2700 non
674 2635 715 2700 ad
733 2637 908 2702 exereitum
926 2637 1090 2721 profectus
1114 2642 1178 2722 est,

175 2721 260 2804 quod
275 2721 314 2786 de
326 2743 362 2786 re
376 2722 507 2807 publica
521 2723 630 2807 sensit,
648 2723 697 2788 ita
711 2725 821 2804 sensit,
839 2728 876 2789 ut
893 2746 952 2790 neo
970 2725 1066 2789 fidem
1086 2747 1177 2790 suam

173 2830 233 2874 neo
248 2831 372 2876 morem
385 2811 544 2888 maiorum
557 2833 616 2876 nec
629 2812 897 2877 necessitudinem
913 2813 1011 2877 sortis
1025 2813 1177 2878 laederet.

120 2875 164 3001 ἐξ
174 2896 305 2962 Etenim
333 2898 361 2962 si
386 2898 466 2963 haee
493 2900 684 2983 perturbare
712 2899 821 2964 omnia
843 2922 881 2965 ae
907 2901 1100 2985 permiscere
1125 2923 1178 2966 vo·
1192 2919 1218 2960 oo

174 2985 290 3070 lumus,
312 2989 419 3050 totam
436 2985 537 3087 vitam
556 2987 779 3070 periculosam,
801 2987 991 3053 insidiosam
1014 2988 1180 3054 infestam-

172 3074 899 3228 1111111111113311ῗὲ1311
909 3076 1179 3248 attldll

171 3250 282 3332 tunae,
323 3250 448 3313 nullam
485 3249 712 3314 auctoritatem
749 3272 855 3315 mores
892 3255 990 3335 atque
1026 3252 1178 3318 instituta

172 3335 340 3400 maiorum.
386 3335 538 3400 Omnium
565 3340 615 3401 est
642 3339 822 3403 eommunis
844 3339 1009 3424 inimicus,
1037 3340 1092 3424 qui
1114 3340 1178 3405 fuit
1191 3357 1217 3399 ³⁵

170 3418 275 3485 hostis
294 3443 434 3487 suorum.
475 3422 580 3489 Nemo
598 3447 752 3509 umquam
776 3426 904 3512 sapiens
927 3426 1089 3512 proditori
1112 3450 1179 3494 ore·

171 3505 309 3572 dandum
332 3511 469 3593 putavit.
509 3510 584 3595 Ipse
607 3509 712 3590 Sulla,
735 3514 790 3581 eui
809 3515 966 3580 adventus
988 3515 1084 3581 istius
1108 3537 1180 3603 gra·
