2576 3882
165 178 231 243 258
466 177 506 231 IN
525 177 554 233 C.
569 176 724 232 VERREM
741 176 823 232 Aer.
842 176 876 231 11.

164 323 330 390 hominem
349 326 503 408 cuperent
522 326 674 406 evertere,
697 322 765 386 eius
791 320 934 406 effigiem
957 320 1183 388 simulacrum-

165 434 228 496 que
242 433 380 495 servaro,
403 411 459 476 sed
473 415 583 476 tamen
601 410 760 496 videbam,
784 410 870 494 apud
889 431 944 474 eos
967 432 1041 476 cunr
1065 433 1182 495 essem,

165 505 198 564 et
220 500 412 586 religionem
431 521 501 564 esse
520 499 683 584 quandam
705 499 739 563 in
761 498 814 563 his
837 500 933 564 rebus
957 522 978 564 a
1000 500 1181 564 maioribus

164 587 331 673 traditam,
350 592 383 653 et
396 588 458 653 hoc
472 587 641 672 disputari,
664 608 737 652 oum
756 590 867 652 statua
886 609 919 652 se
939 587 1007 652 eius
1025 588 1181 653 habuisse

165 677 322 760 temporis
341 677 511 759 rationem,
530 698 594 760 quo
613 676 722 760 posita
740 679 835 760 esset,
858 697 932 740 oum
949 675 1082 741 homine
1101 677 1204 760 eius,5

112 769 154 834 66
165 787 229 849 quo
257 769 385 851 gereret
412 765 535 830 bellum
564 768 662 848 atque
689 764 795 828 hostis
823 769 918 829 esset.
962 763 1092 829 Videtis
1119 766 1181 851 igi-

164 857 219 918 tur
255 854 521 919 consuetudinem
556 853 813 938 religionemque
850 852 1059 934 Graecorum,
1097 875 1181 937 quae

166 946 378 1007 monumenta
404 942 549 1007 hostium
576 941 612 1005 in
640 941 729 1007 bello
758 941 831 1026 ipso
864 942 969 1006 soleat
1001 941 1181 1027 defendero,

167 1052 239 1096 eam
262 1052 390 1095 summa
411 1030 447 1094 in
469 1052 547 1116 pace
569 1030 731 1114 praetoris
753 1029 868 1114 populi
889 1029 1029 1094 Romani
1061 1031 1180 1096 statuis

114 1132 164 1182 160
182 1119 344 1203 praesidio
377 1140 444 1183 non
474 1117 583 1183 fuisse.
637 1116 917 1202 Tauromenitani,
954 1140 1092 1201 quorum
1129 1125 1181 1184 est
1194 1148 1217 1186 a

165 1208 281 1272 ciuitas
303 1207 479 1290 foederata,
501 1207 649 1272 homines
672 1206 877 1290 quietissimi,
901 1207 955 1290 qui
978 1207 1118 1272 maxime
1136 1209 1180 1272 ab

164 1295 292 1361 iniuriis
328 1293 516 1359 nostrorum
548 1295 802 1381 magistratuum
833 1296 952 1360 remoti
985 1300 1181 1360 consuerant

165 1405 237 1448 esse
249 1383 411 1467 praesidio
425 1382 575 1467 foederis,
592 1383 628 1448 hi
641 1386 753 1448 tamen
765 1383 861 1448 istius
877 1386 1020 1448 avertere
1035 1387 1181 1449 statuam

165 1493 232 1536 non
258 1471 503 1556 dubitaverunt3
530 1492 595 1554 qua
622 1471 749 1536 abiecta
775 1471 881 1536 basim
908 1475 1019 1537 tamen
1044 1471 1181 1538 infore

165 1581 296 1624 manere
311 1560 493 1643 voluerunt,
512 1560 598 1644 quod
613 1560 743 1643 gravius
757 1560 793 1624 in
804 1560 906 1624 istum
919 1559 989 1625 fore
1007 1560 1181 1645 putabant,
1196 1589 1218 1629 rr

166 1648 195 1712 si
218 1647 338 1712 scirent
360 1647 508 1713 homines
532 1650 675 1713 statuam
694 1648 762 1713 eius
777 1670 798 1712 a
810 1647 1092 1714 Tauromenitanis
1108 1671 1182 1715 esse

167 1736 340 1821 deiectam,
377 1758 474 1821 quam
511 1736 540 1799 si
575 1736 700 1800 nullam
736 1759 892 1820 umquam
926 1737 1068 1820 positam
1108 1760 1181 1803 esse

167 1825 414 1890 arbitrarentur.
449 1824 662 1908 Tyndaritani
681 1824 865 1890 deiecerunt
882 1825 917 1889 in
932 1823 1004 1889 foro
1019 1829 1053 1889 et
1067 1827 1181 1891 eadem

167 1913 205 1978 de
228 1935 326 1978 causa
349 1935 467 1997 equum
485 1913 614 1978 inanem
628 1912 837 1996 reliquerunt.
867 1911 1045 1997 Leontinis,
1059 1914 1182 1980 misera

166 2002 201 2066 in
233 2001 366 2066 civitate
398 2005 496 2085 atque
527 2000 630 2084 inani,
665 2004 776 2065 tamen
807 2001 902 2065 istius
934 2002 969 2065 in
1006 2004 1180 2088 gymnasio
1195 2031 1219 2069 ro

167 2093 277 2154 statua
309 2089 432 2154 deiecta
463 2092 522 2154 est.
576 2089 662 2155 Nam
695 2090 773 2172 quid
805 2111 865 2175 ego
898 2089 937 2154 de
967 2087 1180 2174 Syracusanis

165 2177 304 2261 loquar?
332 2176 419 2260 quod
444 2198 512 2242 non
539 2181 589 2241 est
611 2177 779 2262 proprium
803 2175 1092 2263 Syracusanorum,
1122 2181 1182 2245 sed

166 2269 200 2330 et
221 2266 354 2330 illorum
374 2268 407 2330 et
425 2285 595 2330 commune
614 2270 790 2332 conventus
804 2266 893 2330 illius
908 2288 946 2332 ac
959 2289 1060 2352 prope
1074 2269 1180 2333 totius

165 2353 359 2438 provinciae.
399 2351 528 2428 Quanta
549 2354 618 2418 illic
641 2354 830 2438 multitudo,
858 2356 1051 2438 quantavis
1074 2356 1180 2421 homi-

165 2463 244 2505 num
262 2439 449 2505 convenisse
468 2440 635 2506 dicebatur
653 2446 734 2526 tum,
752 2465 825 2508 eum
844 2445 972 2507 statuae
992 2447 1067 2508 sunt
1081 2444 1179 2510 istius
1194 2473 1218 2512 ra

167 2529 308 2592 deiectae
340 2532 374 2591 at
404 2531 550 2594 eversae!
595 2528 642 2595 At
669 2553 733 2615 quo
761 2531 845 2596 loco!
892 2529 1111 2598 Celeberrimo
1140 2557 1179 2599 ac

166 2615 414 2700 religiosissimo
447 2620 522 2680 ante
553 2618 661 2701 ipsum
693 2615 841 2704 Serapim
871 2619 907 2683 in
942 2620 1048 2703 primo
1086 2621 1180 2687 aditu

166 2703 392 2788 vestibuloque
415 2705 538 2789 templi.
575 2705 732 2780 Quodnisi
754 2707 906 2772 Metellus
930 2707 992 2773 hoc
1014 2712 1084 2774 tam
1105 2731 1180 2796 gra-

166 2792 250 2856 viter
272 2792 394 2878 egisset
417 2796 515 2876 atque
537 2793 630 2859 illam
653 2817 721 2859 rem
743 2795 880 2879 imperio
906 2795 1074 2880 edictoque
1102 2821 1179 2882 pro-

164 2880 339 2965 hibuisset,
370 2880 545 2966 vestigium
573 2887 755 2948 statuarum
782 2883 878 2948 istius
905 2884 940 2948 in
966 2888 1038 2950 tota
1067 2884 1179 2952 Sicilia
1193 2915 1218 2954 eo

164 2970 292 3034 nullum
316 2973 402 3035 osset
424 2968 583 3034 relictum.

114 3078 163 3128 161
231 3057 340 3141 Atque
368 3079 429 3142 ego
456 3055 519 3122 hcc
546 3080 612 3123 non
639 3079 765 3145 vereor,
793 3083 834 3124 ne
862 3061 940 3144 quid
966 3060 1084 3126 horum
1112 3085 1178 3128 non

165 3145 261 3210 modo
288 3146 444 3229 impulsu,
477 3168 588 3210 verum
618 3147 748 3211 omnino
778 3148 918 3213 adventu
948 3170 1020 3213 meo
1051 3149 1178 3216 factum

165 3253 235 3296 esse
254 3231 410 3296 videatur.
452 3232 569 3298 Omnia
586 3235 651 3299 ista
675 3236 860 3300 antefacta
883 3240 968 3320 sunt,
989 3258 1057 3302 non
1080 3240 1176 3304 modo

165 3341 263 3402 quam
291 3340 351 3403 ego
376 3318 533 3403 Siciliam,
560 3345 673 3386 verum
701 3323 800 3388 etiam
829 3345 927 3406 quam
957 3325 1020 3390 iste
1043 3325 1177 3392 Italiam
1191 3355 1214 3394 es

165 3405 286 3489 attigit.
326 3405 414 3469 Dum
438 3429 498 3493 ego
517 3410 552 3473 in
575 3407 685 3475 Sicilia
704 3433 783 3493 sum,
805 3411 898 3475 nulla
920 3417 1030 3478 statua
1054 3415 1178 3482 deiecta

165 3495 227 3575 est,
264 3495 477 3578 posteaquam
518 3498 609 3564 illino
651 3498 796 3578 discessi,
844 3519 926 3580 quae
965 3502 1033 3565 sint
1075 3509 1177 3588 gesta,
