2564 3876
182 168 225 233 68
346 164 417 220 PRO
437 163 514 220 SEX.
533 163 663 219 Rosclo
682 162 851 219 AMERINO
870 163 1014 220 ORATIO.

182 309 362 394 mandavit,
390 308 460 393 sed,
486 308 520 373 id
543 309 629 394 quod
651 308 756 375 multo
780 308 913 395 gravius
935 314 999 394 est,
1026 308 1095 395 ipse
1120 306 1197 374 Sex„

182 398 319 464 Roscius
347 420 420 463 oum
447 396 549 481 fama,
578 397 648 463 vita
674 397 833 482 bonisque
856 398 1007 463 omnibus
1029 421 1049 463 a
1071 398 1199 464 decuri-

182 487 298 552 onibus
334 486 464 572 publice
497 487 533 551 Τ.
563 485 682 552 Roscio
713 486 886 552 mandatus
918 490 982 570 est3
1018 490 1051 552 et
1082 508 1122 552 ex
1158 508 1197 552 eo

182 575 218 640 Τ.
235 574 373 641 Roscius
395 597 466 640 non·
483 575 618 660 paulum
638 573 748 640 nescio
772 575 849 659 quid
868 574 904 638 in
920 596 990 640 rem
1009 597 1101 640 suem
1119 597 1198 641 con-

181 663 291 746 vertit,
314 664 370 728 sed
392 664 479 728 hunc
500 662 647 728 funditus
665 663 783 729 evertit
800 663 905 746 bonis,
926 663 997 749 ipse
1019 663 1085 728 trie
1100 685 1223 749 prae-s

183 752 237 816 dia
255 751 318 817 sibi
338 752 489 838 depectus
507 755 568 835 est,
589 751 797 817 voluntatem
812 750 1020 818 decurionum
1038 773 1077 816 sc
1091 752 1200 817 muni·

129 891 173 955 40
201 841 309 926 cipum
333 840 478 906 omnium
500 839 659 906 tantidem
682 839 797 924 quanti
817 839 913 905 fidem
938 861 1031 905 suam
1053 840 1141 906 fecit.

131 970 181 1020 2„
249 928 366 994 Videte
392 928 458 994 iam
484 949 582 1013 porro
610 932 730 1013 cetera,
762 928 896 1012 iudices,
927 931 965 993 ut
991 928 1198 1016 intellegatis
1269 1009 1270 1014 ἵ

201 1018 395 1083 maleficium
412 1017 538 1082 nullum
557 1016 638 1102 fingi
656 1037 761 1101 posse,
783 1038 847 1101 quo
866 1016 929 1081 iste
947 1037 1018 1081 sese
1035 1038 1102 1082 non
1121 1039 1198 1082 oon·
1269 1059 1270 1098 ο

181 1106 359 1172 taminarit.
396 1105 436 1170 ln
452 1105 550 1170 rebus
568 1104 748 1170 minoribus
767 1103 890 1170 socium
908 1104 1023 1170 fellere
1044 1105 1236 1190 turpissi·1o
1268 1105 1270 1188 ξ

181 1217 271 1260 mum
299 1197 350 1259 est
377 1214 540 1279 aequeque
567 1196 662 1278 turpe
693 1196 791 1277 atque
820 1192 916 1277 illud,
948 1193 987 1258 de
1020 1214 1085 1277 quo
1118 1197 1198 1259 ante
1268 1203 1270 1274 ᾗ

183 1282 262 1366 dixi3
290 1302 394 1365 neque
421 1281 552 1366 iniuria,
579 1283 753 1366 propterea
783 1282 869 1366 quod
892 1280 1049 1346 auxilium
1073 1281 1138 1346 sibi
1161 1303 1198 1347 se

181 1372 278 1454 putet
305 1368 503 1454 adiunxisse,
531 1369 587 1453 qui
613 1391 686 1434 cum
715 1370 818 1434 altero
841 1391 911 1434 rem
933 1369 1197 1435 communicavit.
1268 1375 1269 1382 ’

182 1457 235 1521 Ad
262 1456 352 1522 cuius
379 1457 482 1542 igitur
503 1457 600 1522 fidem
622 1457 801 1545 confugiet,
828 1480 902 1523 cum
922 1479 982 1543 per
1004 1457 1074 1523 eius
1097 1458 1197 1524 fidem

182 1545 331 1629 laeditur,
353 1545 405 1610 cui
427 1566 462 1610 se
485 1545 707 1611 commiserit?
751 1546 861 1630 Atque
884 1568 923 1611 ea
945 1549 1022 1612 sunt
1047 1546 1196 1612 animad-
1211 1572 1235 1611 ιο

182 1633 337 1699 vertenda
345 1637 478 1718 peccate
487 1634 636 1719 maxime,
651 1657 732 1719 quae
746 1634 936 1700 difficillime
950 1639 1196 1719 praecaventur.
1269 1701 1270 1706 ,

182 1722 273 1788 Tecti
292 1743 363 1787 esse
382 1723 423 1787 ad
441 1722 564 1788 alienos
583 1744 766 1808 possumus,
782 1723 892 1789 intimi
909 1723 1015 1789 multa
1029 1724 1197 1808 apertiora
1269 1733 1270 1764 ³

181 1811 313 1876 videant
343 1831 474 1876 necesse
504 1815 568 1895 est3
603 1811 727 1876 socium
757 1834 870 1877 cavere
906 1812 962 1896 qui
997 1813 1196 1897 possumus?

182 1921 279 1984 quem
302 1899 400 1965 etiam
424 1899 452 1964 si
475 1898 663 1984 metuimus,
683 1900 735 1965 ius
759 1899 858 1967 officii
880 1900 1049 1965 leodimus.
1093 1900 1196 1966 Recte

181 1988 285 2074 igitur
307 1989 447 2054 maiores
470 2009 552 2072 eum,
576 1987 632 2072 qui
652 1988 775 2054 socium
792 1988 974 2073 fefellisset,
995 1988 1031 2054 in
1048 1988 1195 2055 virorum
1210 2017 1234 2055 οο
1268 2073 1269 2076 ¹

130 2096 180 2147 ιιι
199 2076 360 2142 bonorum
381 2098 521 2142 numero·
538 2097 604 2141 non
626 2080 783 2161 putarunt
804 2077 920 2142 heberi
942 2080 1104 2162 oportere.
1149 2079 1196 2144 At

182 2186 259 2231 vero
290 2164 326 2230 Τ.
359 2163 496 2230 Roscius
525 2186 592 2229 non
622 2187 722 2229 unum
754 2164 802 2230 rei
833 2165 1037 2250 pecuniariae
1069 2165 1196 2231 socium

182 2252 301 2317 fefellit
329 2249 432 2339 (quod
458 2251 590 2318 temetsi
613 2273 713 2339 greve
740 2256 803 2337 est,
828 2257 939 2319 tamen
962 2253 1072 2338 eliquo
1097 2254 1195 2320 modo
1267 2265 1268 2272 ’

180 2361 278 2426 posse
299 2340 379 2405 ferri
400 2338 550 2426 videtur),
572 2362 684 2405 verum
702 2363 819 2407 novem
837 2342 985 2408 homines
1003 2341 1196 2408 honestissi-

182 2450 263 2513 mos,
286 2427 429 2494 eiusdem
452 2428 604 2513 muneris,
625 2429 810 2515 legationis,
833 2430 930 2496 officii
952 2430 1196 2498 mandatorum·
1209 2459 1233 2497 οο

183 2538 245 2601 que
253 2516 368 2596 socios,
376 2516 512 2602 induxit,
526 2517 660 2602 decepit,
675 2517 834 2603 destituit,
844 2519 1038 2584 adversariis
1047 2519 1195 2605 tradidit,

183 2605 272 2671 omni
298 2604 412 2670 fraude
440 2609 473 2670 et
499 2605 634 2691 perfidie
660 2605 792 2691 fefellit3
824 2608 880 2692 qui
906 2607 946 2673 de
973 2606 1041 2672 cius
1072 2609 1195 2674 scelere

183 2693 341 2780 suspicari
366 2692 451 2758 nihil
473 2698 662 2779 potuerunt,
692 2695 813 2760 socium
838 2695 937 2761 officii
959 2699 1105 2762 metuere
1128 2719 1196 2764 non

182 2783 370 2867 debuerunt,
393 2781 460 2848 cius
479 2782 640 2848 malitiam
657 2804 725 2848 non
742 2783 902 2869 viderunt,
925 2784 1067 2866 orationi
1089 2807 1194 2851 vanae

181 2871 394 2939 crediderunt.
445 2869 560 2955 Itaque
591 2892 677 2936 nunc
707 2871 760 2936 illi
789 2872 937 2938 homines
968 2872 1195 2938 honestissimi
1208 2900 1233 2940 so

180 2964 317 3046 propter
338 2959 434 3024 istius
457 2959 591 3024 insidias
614 2982 730 3045 parum
752 2963 910 3045 putantur
936 2961 1024 3026 ceuti
1051 2962 1194 3048 providi·
1265 2973 1266 3007 l

182 3071 243 3134 que
256 3048 370 3132 fuiss03
387 3048 460 3132 iste,
479 3046 534 3132 qui
547 3047 642 3114 initio
661 3047 809 3133 proditor
827 3049 899 3134 fuit,
917 3049 1031 3114 deinde
1044 3049 1194 3138 perfuga,

182 3137 237 3221 qui
272 3136 379 3222 primo
415 3135 575 3203 sociorum
607 3136 745 3203 consilia
775 3138 968 3203 adversariis
1000 3138 1195 3222 enuntiavit,
1264 3135 1265 3210 i

180 3224 294 3292 deinde
321 3223 511 3290 societatem
538 3247 611 3290 oum
637 3225 719 3310 ipsis
747 3225 939 3292 adversariis
967 3225 1060 3311 coiit,
1091 3231 1195 3294 terret
1264 3227 1265 3279 l

73 3319 150 3392 g
180 3312 281 3379 etiam
302 3334 362 3377 nos
386 3334 424 3378 sc
446 3313 590 3378 minetur
611 3313 717 3379 tribus
744 3315 901 3401 praediis,
930 3315 993 3381 hoc
1019 3318 1072 3381 cst
1099 3337 1193 3401 prae-
1207 3342 1232 3382 ac

70 3443 71 3448 ο
179 3399 254 3464 miis
278 3399 422 3484 sceleris,
446 3405 589 3468 ornatus.
634 3401 674 3467 In
696 3402 766 3468 eius
788 3403 876 3470 modi
898 3378 1137 3491 vitfflices,
1159 3406 1194 3470 in

178 3485 230 3549 his
254 3489 306 3552 tot
328 3488 493 3573 tantisque
516 3488 651 3577 flagitiis
673 3489 735 3557 hoc
759 3513 887 3578 quoque
915 3492 1126 3581 maleficium,
1153 3494 1193 3560 de
