2564 3876
172 174 217 238 24
438 169 510 223 rao
529 169 559 227 P.
578 167 751 234 cumauro
769 167 914 224 unaue.

172 317 317 383 monium
344 314 426 380 mihi
453 313 607 397 deseruit,
635 335 687 378 me
712 311 890 395 fraudavit,
918 334 938 377 a
965 333 1018 377 me
1039 312 1181 377 nominis

172 406 255 490 eius,
283 403 370 489 quod
391 402 551 466 infitiatus
576 405 674 486 esset,
697 401 782 466 diem
805 401 935 486 petivit;
958 421 1020 486 ego
1044 400 1183 486 experiri
1269 465 1270 472 ι

172 515 238 559 non
268 492 375 578 potui,
412 491 571 574 latitavit,
606 492 850 576 procuratorem
881 490 1008 554 nullum
1040 490 1183 572 reliquit.

171 581 298 647 Horum
317 580 398 644 nihil
419 579 544 645 dicitur.
581 578 742 643 Parantur
761 581 871 660 testea,
890 578 945 662 qui
963 577 1044 642 haec
1064 578 1183 642 dicant.

172 670 304 754 Verum,
322 669 447 754 opinor,
465 667 649 750 viderimus,
668 689 741 732 cum
760 666 908 731 dixerint.
942 664 1052 730 Unum
1072 671 1211 731 tamen⁵

171 759 234 824 hoc
252 758 411 843 cogitent,
434 757 482 821 ita
504 777 539 820 se
562 776 678 841 graves
702 775 786 837 esse,
809 758 860 838 ut,
883 754 912 818 si
934 755 1106 819 veritatem
1129 776 1185 819 vo

172 848 242 911 lent
272 846 424 929 retinere,
461 843 658 930 gravitatem
689 842 817 928 possint
849 842 1011 924 obtinere3
1049 843 1078 906 si
1109 865 1185 907 eam

171 937 359 1022 neglegere,
387 933 448 1014 [ita
476 932 678 1015 leves,sint,]
703 935 740 996 ut
764 951 875 995 omnes
898 931 1095 1016 intellegant
1118 953 1187 995 non

172 1024 214 1089 ad
232 1022 443 1089 obtinendum
464 1020 676 1098 mendacium,
699 1019 755 1084 sed
778 1019 819 1084 ad
841 1041 954 1084 verum
976 1020 1185 1104 probandum

173 1112 403 1178 auctoritatem
427 1109 588 1175 adiuvare.
1201 1127 1225 1165 ιι

119 1171 163 1298 Ξέ
239 1199 312 1284 Ego
337 1198 417 1263 baec
444 1197 507 1262 duo
536 1217 670 1280 quaero,
696 1195 839 1280 primum
862 1217 926 1280 qua
948 1195 1076 1260 ratione
1099 1188 1186 1261 Nae

171 1288 243 1353 vius
279 1289 465 1371 susceptum
496 1285 666 1370 negotium
697 1305 763 1350 non
794 1284 1006 1369 transegerit,
1037 1284 1102 1349 hoc
1134 1288 1186 1349 est
1271 1289 1272 1368 ξ

172 1398 229 1441 cur
251 1376 350 1457 bona,
379 1395 461 1456 quae
484 1395 523 1437 ex
547 1373 652 1438 edicto
674 1372 877 1457 possidebat,
903 1393 970 1438 non
992 1372 1187 1456 vendiderit,
1271 1389 1272 1430 ι

172 1463 285 1528 deinde
305 1483 362 1528 cur
380 1483 418 1526 ex
437 1465 488 1526 tot
507 1461 720 1526 creditoribus
741 1461 824 1526 alius
844 1461 884 1526 ad
903 1460 1001 1525 istam
1020 1461 1186 1525 rationem

171 1573 266 1617 nemo
296 1550 482 1627 accesserit,
510 1553 547 1613 ut
573 1548 756 1615 necessario
780 1549 953 1614 confiteare
980 1570 1086 1632 neque
1114 1553 1186 1614 tam
1201 1567 1226 1608 u

171 1639 380 1705 temerarium
417 1660 611 1722 quemquam
644 1636 759 1721 fuisse,
793 1658 897 1721 neque
931 1642 964 1702 te
997 1637 1109 1721 ipsum
1143 1636 1188 1722 id,
1272 1647 1273 1692 t

173 1728 259 1813 quod
277 1727 465 1812 turpissime
486 1725 691 1811 suscepisses,
713 1747 920 1810 perseverare
943 1729 977 1789 et
999 1726 1187 1812 transigere

171 1816 326 1902 potuisse.
367 1814 464 1898 Quid,
487 1815 571 1880 situ
590 1814 673 1898 ipse,
697 1811 767 1880 Sex.
786 1812 902 1896 Naevi,
925 1814 1074 1878 statuisti
1097 1815 1188 1880 bona

172 1906 206 1970 P.
222 1904 351 1981 Quincti
370 1926 408 1969 ex
427 1904 531 1982 edicto
550 1924 701 1988 possessa
718 1925 785 1967 non
804 1902 896 1968 esse?
933 1900 1066 1986 Opinor,
1089 1907 1187 1968 tuum

172 1993 410 2075 testimonium,
432 1993 519 2077 quod
541 1991 576 2055 in
598 1991 763 2056 alienare
785 1990 856 2055 leve
879 1994 978 2072 esset,
1000 1990 1034 2056 id
1056 1990 1093 2054 in
1116 1997 1185 2070 tua,
1200 2011 1224 2050 ιι

173 2083 327 2166 quoniam
341 2084 454 2147 contra
468 2085 500 2146 te
515 2084 574 2160 est,
593 2079 822 2165 gravissimum
837 2079 932 2143 debet
950 2100 1029 2144 esse.
1060 2076 1187 2144 Emisti

172 2170 259 2234 bona
286 2168 358 2235 Sex.
373 2169 485 2233 Alfeni
507 2167 542 2232 L.
561 2165 654 2232 Sulla
676 2167 835 2232 dictatore
858 2167 1031 2251 vendente,
1058 2168 1187 2233 socium

172 2257 235 2322 tibi
252 2256 287 2321 in
309 2257 360 2321 his
384 2256 479 2321 bonis
503 2255 633 2320 edidisti
651 2254 847 2331 Quinctium.
888 2254 989 2320 Plura
1010 2277 1078 2320 non
1102 2257 1186 2323 dico.

174 2343 255 2410 Oum
284 2366 321 2409 eo
345 2348 382 2409 tu
404 2343 623 2410 voluntariam
646 2344 836 2409 societatem
859 2344 983 2428 coibas,
1013 2344 1069 2428 qui
1092 2349 1127 2410 te
1151 2346 1187 2410 in

172 2432 370 2498 hereditaria
402 2431 556 2497 societate
587 2431 768 2514 fraudaret,
802 2435 836 2497 et
868 2455 941 2498 eum
972 2432 1091 2498 iudicio
1124 2437 1185 2500 tuo
1201 2451 1226 2492 2⁵

172 2521 418 2606 comprobabas,
436 2542 532 2604 quem
551 2521 728 2605 spoliatum
748 2520 838 2586 fama
855 2520 1060 2605 fortunisque
1082 2524 1186 2586 omni-

173 2610 234 2674 bus
258 2609 484 2674 arbitrabare?

121 2702 153 2752 Π
239 2697 437 2763 Diffidebam
455 2698 646 2781 mehercule,
670 2695 704 2762 O.
719 2696 840 2781 Aquili,
864 2696 945 2762 satis
964 2697 1072 2762 animo
1093 2703 1185 2764 certo

173 2790 206 2852 et
233 2786 423 2851 confirmato
447 2808 498 2851 me
521 2807 617 2871 posse
639 2785 674 2850 in
696 2785 759 2852 bac
782 2807 880 2851 causa
902 2786 1088 2851 consistere.
1130 2785 1185 2853 Sic

173 2874 372 2960 cogitabam,
400 2897 472 2940 cum
496 2877 609 2940 contra
632 2874 776 2939 dicturus
799 2878 886 2939 esset
909 2873 1119 2957 Hortensius,
1150 2879 1184 2941 et
1199 2895 1226 2934 ac

172 2985 245 3028 cum
278 2985 330 3027 me
357 2967 444 3027 esset
471 2965 597 3026 attente
624 2963 792 3026 auditurus
820 2962 1004 3048 Philippus,
1035 2962 1107 3028 fore
1133 2965 1184 3029 uti

171 3051 343 3136 permultis
369 3050 404 3113 in
426 3051 523 3114 rebus
546 3050 664 3114 timore
687 3051 884 3135 prolaberer.
925 3051 1082 3117 Dicebam
1107 3053 1185 3119 huic

172 3136 208 3213 Q.
227 3138 355 3216 Roscio,
379 3138 469 3203 cuius
489 3159 582 3202 soror
599 3142 650 3202 est
670 3160 743 3203 cum
763 3138 798 3203 P.
813 3137 973 3223 Quinctio,
996 3162 1070 3205 cum
1088 3164 1111 3229 a¹
1132 3165 1185 3207 me

171 3229 297 3309 peteret
324 3229 357 3290 et
385 3247 510 3291 summe
538 3226 758 3309 contenderet,
785 3231 822 3291 ut
845 3229 1064 3313 propinquum
1088 3251 1185 3294 suum

171 3312 385 3397 defenderem,
403 3313 483 3378 mihi
501 3312 691 3398 perdifficile
709 3337 780 3379 esse
799 3319 913 3381 contra
931 3317 1015 3382 tales
1035 3321 1184 3382 oratores
1199 3339 1225 3378 aa

171 3420 238 3463 non
251 3400 348 3464 modo
362 3404 490 3465 tantam
504 3422 635 3465 causam
649 3422 811 3485 perorare,
828 3404 886 3467 sed
899 3405 1031 3469 omnino
1044 3406 1185 3472 verbum

171 3483 277 3554 facere
295 3487 413 3551 conari.
449 3486 531 3553 Ourn
550 3488 697 3572 cupidius
715 3489 863 3570 instaret,
881 3491 1007 3556 bomini
1025 3513 1085 3577 pro
1105 3494 1185 3558 ami-
