2524 3876
393 154 471 212 cap.
492 161 595 211 16-18
615 162 629 222 e
648 163 763 213 44-51.
1036 157 1078 222 47

80 297 166 364 disse
205 299 254 366 Ac
278 322 345 366 non
366 300 462 366 modo
485 300 548 366 hoe
569 305 701 386 patrum
723 302 892 368 voluntate
915 301 1011 368 liberi
1032 301 1078 368 fa·
1090 299 1132 367 17

79 388 174 472 ciunt,
203 388 259 454 sed
285 389 467 474 permultos
494 391 616 476 stege
643 387 720 455 novi
747 393 793 475 et,
820 389 884 455 nisi
911 411 963 456 me
989 389 1079 455 fallit

78 477 210 560 animus,
241 498 323 542 unus
356 477 492 562 quisque
524 481 684 556 restrum,
717 478 772 562 qui
804 481 838 544 et
863 478 928 563 ipsi
955 478 1079 544 incensi

78 568 148 630 sunt
167 564 284 649 studio,
307 565 393 650 quod
416 565 457 630 ad
480 585 600 651 agrum¹
619 565 790 634 colendum
813 568 940 650 attinet,
963 567 1079 632 vitam·

54 672 133 737 eque
154 653 237 719 hanc
259 653 428 737 rusticam,
452 675 550 738 quam
572 659 609 720 tu
631 655 753 739 probro
776 658 810 720 et
832 654 959 722 crimini
980 659 1078 742 putas

77 763 141 806 esse
159 745 321 826 oportere,
349 745 383 806 et
404 741 670 808 honestissimam
693 746 727 807 et
754 743 980 810 suavissimam
1008 763 1078 809 esse

77 830 279 896 arbitrantur.
307 829 390 906 Quid
408 851 520 896 censes
538 829 623 896 hunc
637 830 745 915 ipsum
761 829 832 896 Sex.
846 830 998 896 Roscium
1014 854 1077 917 quo
1097 851 1131 904 ee

77 918 176 983 studio
208 922 242 983 et
274 940 339 1003 qua
368 918 595 1005 intellegentia
626 940 696 984 esse
729 919 764 983 in
795 919 925 984 rusticis
957 920 1078 985 rebus?

76 1005 118 1071 Ut
144 1029 181 1072 er
207 1006 260 1071 his
288 1006 479 1091 propinquis
508 1007 589 1089 eius,
615 1006 804 1072 hominibus
829 1007 1079 1093 honestissimis,

45 1095 177 1180 aaudio,
207 1116 275 1160 non
306 1098 344 1161 tu
376 1094 411 1159 in
442 1095 506 1160 isto
535 1095 672 1160 artifieio
701 1095 901 1162 accusatorio
929 1095 1079 1162 callidior

78 1205 107 1248 es
136 1205 234 1268 quam
265 1182 318 1248 hie
349 1183 385 1247 in
415 1204 482 1248 suo.
526 1182 664 1266 Verum,
695 1185 732 1249 ut
763 1183 892 1268 opinor,
924 1185 1078 1269 quoniam

77 1271 119 1336 ita
147 1271 360 1357 Chrysogono
393 1270 534 1354 videtur,
566 1271 622 1355 qui
653 1271 728 1338 huie
754 1272 882 1337 nullum
909 1273 1078 1358 praedium

76 1360 208 1444 reliquit,
233 1363 266 1424 et
285 1359 459 1425 artificium
481 1359 692 1426 obliviscatur
715 1363 747 1425 et
770 1360 914 1426 studium
937 1361 1079 1446 deponat

76 1449 186 1513 licebit.
244 1447 338 1524 Quod
375 1447 509 1513 tametsi
545 1448 700 1512 miserum
739 1451 773 1514 et
810 1448 980 1536 indignum
1019 1453 1079 1534 est,

45 1535 151 1602 uteret
176 1540 287 1602 tamen
316 1557 418 1620 aequo
447 1536 569 1621 animo,
596 1536 730 1620 iudices,
759 1536 787 1602 si
813 1559 872 1622 per
894 1559 952 1603 vos
975 1538 1078 1604 vitam

78 1628 106 1688 et
129 1625 252 1690 famam
278 1627 389 1709 potest
416 1623 578 1709 optinere;
604 1624 666 1690 hoc
693 1646 771 1690 vero
800 1629 863 1709 est,
892 1625 978 1710 quod
999 1626 1080 1690 ferri

75 1734 134 1778 non
160 1715 285 1798 potest,
312 1712 342 1777 si
368 1716 401 1777 et
424 1713 459 1776 in
482 1712 566 1778 hanc
588 1713 809 1780 calamitatem
831 1713 922 1778 venit
943 1717 1079 1799 propter

75 1802 276 1885 praediorum
307 1799 489 1866 bonitatem
517 1804 550 1865 et
578 1800 822 1868 multitudinem
849 1804 895 1886 et,
926 1802 1014 1885 quod
1041 1822 1079 1866 ea

77 1891 210 1956 studiose
240 1888 354 1974 coluit,
380 1889 414 1954 id
441 1887 505 1953 erit
531 1887 562 1954 ei
588 1889 728 1955 maxime
755 1889 876 1974 fraudi,
903 1892 940 1953 ut
962 1911 1079 1974 parum

44 1977 216 2045 emiserim
245 1978 304 2061 sit,
332 1976 418 2062 quod
445 1976 519 2042 aliis
548 1977 662 2061 coluit,
689 1977 856 2062 nonsibi,
882 1976 947 2042 nisi
970 1977 1079 2062 etiam,

77 2067 155 2151 quod
177 2067 310 2132 omnino
335 2065 449 2150 coluit,
473 2065 601 2130 crimini
622 2065 730 2131 fuerit.

134 2153 183 2220 Ne
215 2159 268 2240 tu,
300 2153 412 2238 Eruci,
444 2157 614 2220 accusator
645 2175 732 2220 esses
758 2153 928 2240 ridiculus,
955 2153 984 2220 si
1010 2154 1079 2219 illis
1091 2132 1132 2258 15ss

75 2244 270 2330 temporibus
288 2246 385 2308 natus
407 2263 505 2326 esses,
526 2264 600 2307 cum
623 2242 665 2307 ab
689 2245 799 2308 aratro
823 2243 1078 2328 arcessebantur,

77 2332 126 2414 qui
151 2333 300 2398 consules
327 2330 450 2396 fierent.
494 2329 626 2396 Etenim
659 2330 716 2415 qui
742 2351 890 2415 praeesse
919 2352 999 2417 agro
1027 2353 1079 2397 co·

45 2419 163 2486 utendo
190 2420 355 2507 flagitium
381 2421 491 2503 putes,
516 2419 662 2504 profecto
689 2418 783 2484 illum
805 2418 956 2504 Atilium,
983 2441 1079 2504 quem

77 2528 129 2574 sua
154 2531 253 2574 manu
281 2510 490 2594 spargentem
517 2528 641 2590 semen,
671 2507 727 2591 qui
754 2506 846 2571 missi
872 2511 978 2591 erant,
1006 2529 1080 2573 eon·

76 2601 234 2681 venerunt,
248 2597 414 2662 hominem
428 2594 654 2679 turpissimum
666 2599 764 2679 atque
778 2594 1079 2660 inhonestissimum

76 2683 234 2751 iudicares.
277 2683 325 2750 ht
350 2683 481 2749 hercule
509 2683 647 2748 maiores
675 2683 781 2749 nostri
804 2683 903 2770 longe
927 2684 1023 2749 aliter
1047 2687 1080 2748 et

78 2771 111 2835 de
127 2773 184 2839 illo
206 2776 240 2839 et
264 2772 303 2838 de
327 2772 443 2838 ceteris
465 2771 589 2837 talibus
611 2771 690 2838 viris
715 2771 946 2837 existimabant
968 2771 1079 2854 itaque

45 2874 66 2914 (ο
78 2879 111 2924 ex
121 2862 255 2927 minima
268 2860 522 2944 tenuissimaque
536 2882 571 2924 re
584 2859 716 2946 publice
729 2860 905 2925 maximam
920 2863 953 2924 et
966 2858 1080 2924 floren·

77 2947 230 3015 tissimam
248 2949 345 3016 nobis
363 2947 571 3033 reliquerunt.
609 2944 690 3012 Suos
710 2948 796 3013 enim
815 2968 913 3034 agros
936 2946 1079 3011 studiose

78 3037 228 3124 colebant,
246 3060 315 3104 non
333 3037 456 3102 alienos
475 3035 589 3121 cupide
608 3035 819 3120 adpetebant,
842 3035 959 3120 quibus
983 3033 1079 3099 rebus

78 3128 107 3188 et
124 3127 209 3212 agris
229 3130 264 3192 et
282 3125 417 3192 urbibus
436 3127 470 3190 et
492 3124 679 3190 nationibus
702 3146 771 3190 rem
793 3122 959 3208 publicam
983 3125 1080 3206 atque

77 3210 133 3278 hoc
165 3215 340 3300 imperium
376 3217 410 3280 et
442 3211 556 3299 populi
587 3211 728 3278 Romani
760 3233 880 3276 nomen
913 3213 1080 3276 auxerunt.

45 3312 67 3354 ³5
78 3298 182 3385 Neque
203 3324 266 3389 ego
288 3303 369 3368 haec
392 3324 430 3368 eo
453 3300 592 3386 profero,
615 3322 679 3385 quo
703 3299 895 3366 conferenda
918 3298 985 3364 sint
1007 3319 1080 3364 cum
1099 3309 1131 3358 51

77 3385 167 3474 hisce,
189 3391 229 3455 de
249 3391 365 3476 quibus
388 3411 473 3455 nunc
496 3388 690 3474 quaerimus,
713 3387 769 3454 sed
792 3386 933 3452 utillud
955 3386 1080 3452 intelle-

78 3480 178 3565 gatur,
199 3501 273 3545 cum
291 3480 378 3567 apud
398 3479 538 3544 maiores
560 3481 692 3543 nostros
715 3475 834 3542 summi
855 3475 919 3544 viri
941 3475 1081 3542 clarissi-
