2564 3876
444 195 521 250 cAP.
537 201 605 250 1-e
624 202 640 262 e
660 200 736 252 1-8.
1049 199 1094 264 33
1171 241 1173 244 .

90 336 276 404 inccdices?
310 339 420 405 Immo
440 361 552 404 ornnes
572 361 724 408 summes.
756 339 841 407 Leve
861 346 894 407 et
912 346 1009 408 tenue
1029 343 1094 410 hoc

89 427 215 492 nomen?
246 425 304 492 HS
327 444 473 495 cccrooo
497 432 583 494 sunt.
623 426 693 503 Quo
717 428 813 494 modo
837 430 899 495 tihi
921 434 1016 496 tanta
1038 455 1092 517 pe·

89 514 172 580 cunia
189 516 453 582 extraordinaria
474 516 581 582 iacet?
604 537 668 600 quo
691 517 787 583 modo
811 516 866 583 HS
890 535 1033 588 coerceo
1056 520 1092 586 in

88 602 184 668 codiee
211 605 341 690 accepti
369 609 403 670 et
429 605 560 690 expensi
588 627 655 670 non
679 605 777 670 sunt‘?
816 605 882 672 Pro
905 606 939 672 di
960 607 1092 674 immor·

67 691 175 756 tteles!
197 713 312 758 essene
333 715 530 778 quemqnam
549 697 644 758 tanta
662 693 796 760 audacia
814 695 1008 780 praeditum,
1027 697 1092 781 qui,

88 779 163 864 quod
175 802 296 848 nomen
310 780 435 847 referre
448 781 484 847 in
496 781 628 847 tebules
642 780 769 866 timeat,
786 782 821 846 id
834 785 945 868 petere
964 785 1093 870 audeat,

88 867 163 950 quod
187 867 223 934 in
245 869 397 936 codicem
418 869 579 934 iniuratus
603 869 724 934 referre
745 869 844 954 nolit,
871 871 905 935 id
927 871 1035 937 iurare
1057 874 1093 938 in

86 955 168 1020 litem
193 978 261 1023 non
289 957 435 1042 dubitet,
462 958 549 1041 quod
575 957 639 1022 eibi
659 957 801 1042 probare
824 979 891 1024 non
911 960 1032 1044 possit,
1058 960 1093 1025 id

86 1045 269 1127 persuadere
294 1046 395 1112 alteri
417 1047 564 1112 conetur!

58 1148 77 1186 ¹⁰
143 1131 289 1200 Nimium
309 1134 378 1200 cito
398 1134 445 1200 eit
465 1156 516 1199 me
539 1133 703 1220 indignari
727 1133 765 1198 de
788 1135 925 1218 tabulis,
946 1157 1015 1200 non
1035 1105 1132 1232 hoff

87 1219 208 1288 beroso
230 1222 297 1288 hoc
320 1243 442 1288 nornen
463 1222 499 1287 in
520 1222 664 1288 codicem
686 1221 810 1306 accepti
833 1226 866 1287 et
889 1223 1022 1308 expensi
1043 1245 1091 1289 re-

87 1307 180 1374 latum
206 1311 400 1395 confitetur,
427 1309 540 1376 sedin
562 1309 757 1376 adversariis
779 1314 892 1395 patere
915 1311 1090 1378 contendit.

87 1393 187 1482 Usque
213 1420 296 1466 eone
326 1402 361 1465 te
389 1398 499 1484 diligis
527 1402 561 1464 et
589 1399 761 1485 magnifice
788 1399 1022 1484 circumspicis,
1053 1402 1091 1467 ut

87 1487 245 1568 pecuniam
267 1509 340 1553 non
362 1509 401 1552 ex
423 1487 489 1552 tuis
512 1486 649 1570 tabulis,
675 1486 732 1551 sed
755 1488 950 1555 adversariis
973 1489 1090 1573 petes?

59 1587 77 1626 ¹⁵
88 1569 176 1640 Suum
207 1575 356 1641 codicem
387 1575 482 1640 testis
513 1574 586 1640 loco
619 1575 756 1640 recitare
790 1577 998 1662 arrogantiae
1026 1581 1090 1661 est;

88 1680 208 1728 suerum
234 1663 511 1748 perscriptionum
543 1667 576 1728 et
602 1663 774 1728 liturarum
803 1663 990 1729 adversaria
1016 1686 1089 1750 pro-

86 1749 161 1816 ferre
181 1773 249 1817 non
272 1750 419 1818 amentia
441 1751 513 1816 est?
550 1749 673 1826 Quodsi
696 1752 830 1816 eandem
852 1752 933 1835 rim,
957 1751 1126 1836 diligen-c

87 1836 158 1904 tiam
172 1841 467 1923 auctoritatemque
486 1840 609 1904 hebent
627 1839 814 1905 adversaria
832 1861 930 1923 quam
948 1839 1090 1924 tabulae,

88 1926 156 2008 quid
179 1929 302 1994 attinet
325 1926 468 1994 codicem
490 1927 674 2012 instituere,
701 1926 917 2010 conscribere,
944 1926 1089 1992 ordinem

58 2028 284 2102 ecomervare,
309 2015 485 2081 memoriae
508 2016 637 2080 tradere
660 2015 846 2081 litterarum
867 2016 1088 2081 vetustatem?

89 2098 144 2168 Sed
164 2104 205 2190 si,
232 2105 323 2191 qnod
345 2103 540 2170 adversariis
562 2104 646 2168 nihil
668 2103 842 2188 credimus,
864 2103 982 2170 idcirco
1005 2104 1090 2171 codi-

89 2211 149 2258 cem
166 2194 309 2260 scribere
327 2191 539 2277 instituimus,
564 2192 651 2277 qnod
670 2192 769 2258 etiam
788 2192 875 2277 apud
893 2192 999 2258 omnis
1017 2193 1089 2259 lere

89 2281 117 2342 et
140 2280 304 2348 infirmum
332 2285 395 2366 est,
422 2281 456 2345 id
484 2280 569 2365 apud
595 2279 734 2346 indicem
761 2301 861 2366 grave
884 2284 917 2346 et
940 2286 1088 2348 sanctum

90 2387 151 2434 esse
172 2369 329 2436 ducetur?
370 2368 454 2445 Quid
477 2373 541 2453 est,
568 2368 654 2452 quod
675 2369 887 2454 neglegenter
909 2370 1123 2443 scribamusr

60 2455 287 2524 eedversaria?
316 2457 480 2542 quidest,
525 2457 589 2522 uod
612 2456 787 2542 diligenter
809 2456 1016 2523 conficiamus
1038 2462 1089 2525 ta-

90 2541 196 2611 bulas?
219 2569 285 2631 qua
303 2545 342 2611 de
358 2546 477 2612 causa?
503 2479 593 2621 duta
611 2545 691 2610 haee
714 2547 790 2610 sunt
813 2549 988 2631 menstrua,
1011 2547 1088 2614 illae

91 2637 158 2700 eunt
179 2638 345 2718 aeternae,
373 2634 454 2699 haec
482 2634 629 2698 delentur
657 2633 784 2716 stetim,
810 2633 888 2698 illae
916 2639 1089 2700 serventur

92 2726 203 2807 nnete,
220 2723 302 2788 haee
315 2723 409 2808 parvi
422 2723 581 2806 temporis
599 2720 799 2806 memoriam,
816 2721 894 2788 illee
912 2727 1088 2808 perpetuae

92 2809 332 2878 existimationis
350 2810 448 2874 fidem
466 2814 499 2875 et
517 2809 709 2896 religionem
732 2811 986 2895 amplectuntur,
1008 2810 1089 2877 haec

63 2902 159 2963 nunt
184 2899 334 2982 disiecta,
360 2898 438 2964 illae
466 2902 542 2962 sunt
569 2897 605 2962 in
635 2898 780 2964 ordinem
802 2899 977 2964 confectae.
1022 2897 1088 2963 Ita·

93 3004 146 3068 que
175 2986 361 3053 adversarie
392 2986 427 3050 in
458 2986 612 3052 iudicium
639 2985 779 3071 protulit
805 3007 914 3069 nem03
946 2985 1088 3052 codicem

91 3076 227 3160 protulit,
248 3075 380 3140 tabulas
401 3074 561 3140 recitavit.
604 3072 662 3158 Tu,
685 3071 720 3139 0.
737 3073 825 3158 Piso,
846 3071 908 3139 tali
930 3072 1001 3156 fide,
1025 3073 1086 3139 vir-
1106 3089 1126 3151 3

92 3162 161 3246 tute,
181 3163 354 3250 gravitate,
379 3163 574 3228 auctoritate
597 3165 732 3228 ornatus
756 3183 794 3226 ex
818 3161 1011 3226 adversariis
1034 3183 1087 3245 pe·

92 3249 208 3316 cunum
238 3255 349 3336 petere
379 3272 446 3316 non
476 3251 618 3317 anderes.
666 3249 752 3335 Ego,
784 3270 866 3332 quae
893 3250 982 3314 clara
1009 3251 1122 3318 eunte

63 3339 323 3423 ¹*consuetudine
354 3338 475 3403 diutius
508 3338 612 3404 dicere
643 3359 709 3403 non
741 3335 855 3420 debe03
886 3335 968 3402 illud
1000 3356 1087 3422 vcro,

92 3427 167 3510 qnod
177 3427 219 3494 ed
230 3449 299 3494 rem
312 3427 518 3494 vehementer
531 3427 682 3511 pertinet,
696 3445 829 3507 quaero:
843 3422 949 3499 Quem
961 3425 1087 3509 pridem

92 3510 145 3582 hoe
158 3537 285 3600 nomen,
301 3513 415 3599 Fanni,
438 3515 473 3580 in
491 3513 676 3580 adversaria
693 3511 874 3576 rettulisti?
906 3511 1088 3596 Erubescit,

837 3614 874 3668 6*
