2558 3884
352 178 464 236 11111
505 181 581 237 GAP.
602 188 670 236 1-1
689 189 703 249 s
724 188 836 237 11-11.
1037 181 1101 246 201

89 323 247 408 absolvit,
282 323 347 390 sibi
378 326 579 391 condemnat.
628 325 747 391 Maluit
775 327 927 393 videlicet
955 326 1103 391 homines

88 433 224 496 peccare
243 434 343 497 quarn
362 414 453 498 deos,
476 435 510 479 se
528 413 639 499 potius
658 437 678 479 a
695 413 809 500 Dione,
833 415 918 500 quod
941 437 1007 480 non
1030 414 1103 479 lice·

89 501 162 584 bat,
185 523 287 584 quam
304 500 479 588 Venerem,
503 503 590 586 quod
611 525 678 568 111
701 504 893 587 debebatur,
916 503 1052 569 auferre.

157 588 244 665 Quid
260 610 322 675 ego
341 589 394 655 hic
411 613 496 656 nunc
511 589 581 656 Sex.
593 590 729 676 Pompei
747 591 860 658 Chlori
880 591 1104 657 testimonium
1122 605 1155 655 23

61 677 248 742 srecitcm?
277 678 333 762 qui
356 701 488 745 causum
511 679 580 765 egit
602 679 730 765 Dionis,
754 681 810 764 qui
832 681 983 746 omnibus
1005 681 1103 744 rebus

89 765 252 851 interfuit,
269 765 412 832 hominis
430 767 665 852 honestissimi,
685 769 819 834 tametsi
837 769 917 834 civis
935 768 1102 833 Romanus

88 854 225 919 virtutis
249 876 347 920 cansa
368 857 435 920 iam
459 856 514 922 diu
537 860 596 940 est,
618 861 730 921 tamen
753 857 898 922 omnium
921 854 1103 922 Siculorum

88 943 190 1027 primi
222 964 260 1007 ac
290 943 499 1030 nobilissimi,
533 945 610 1028 quid
636 945 740 1030 ipsius
768 944 805 1020 Q.
829 943 950 1010 Caecili
976 944 1102 1029 Dionis,

88 1031 235 1095 hominis
252 1031 478 1116 probatissimi
496 1055 533 1098 ec
553 1033 804 1118 pudentissimi?
827 1033 905 1118 quid
922 1032 958 1097 L.
973 1031 1104 1117 Caecili,

50 1138 76 1176 1⁰
89 1119 126 1183 L.
141 1119 285 1205 Liguris,
303 1119 339 1186 Τ.
353 1119 465 1204 Manli,
483 1119 519 1186 L.
533 1120 668 1187 Caleni?
692 1143 829 1206 quorum
849 1121 994 1187 omniurn
1012 1120 1102 1184 testi-

90 1208 210 1273 moniis
230 1208 270 1272 dc
287 1208 351 1274 hac
367 1208 484 1274 Dionis
506 1210 643 1294 pecunia
666 1210 892 1276 confirmatum
915 1213 974 1275 cst.
1009 1208 1103 1274 Dixit

89 1296 152 1362 hoc
181 1296 269 1361 idem
291 1296 335 1361 M.
352 1296 521 1380 Lucullus,
548 1319 583 1363 sc
611 1298 650 1362 de
675 1298 727 1363 his
750 1299 866 1364 Dionis
888 1297 1102 1365 incommodis

88 1406 150 1469 pro
178 1383 339 1470 hospitio,
367 1386 453 1470 quod
481 1386 544 1451 sibi
571 1408 644 1452 cum
673 1408 710 1451 eo
736 1391 835 1471 esset,
862 1387 928 1453 iarn
952 1391 1028 1452 ante
1051 1407 1101 1451 co-

90 1493 219 1558 gnosse.
262 1472 367 1548 Quid?
394 1474 562 1558 Lucullus,
590 1475 738 1558 quitum
760 1475 795 1540 11
816 1474 1154 1558 macedoniasubea

51 1579 75 1618 1⁵
90 1561 207 1625 melius
231 1561 312 1627 hacc
335 1563 498 1648 cognovit,
521 1585 619 1648 quam
641 1566 687 1648 tu,
711 1562 877 1646 Hortensi,
900 1564 956 1649 qni
977 1564 1101 1629 Romae

88 1648 197 1733 fuisti,
226 1650 267 1715 ad
295 1672 391 1734 quem
413 1650 477 1716 Dio
505 1651 667 1737 confugit,
695 1653 751 1735 qui
773 1652 812 1717 de
835 1652 951 1717 Dionis
973 1652 1101 1716 iniuriis

89 1738 284 1822 gravissime
312 1759 371 1823 per
397 1739 526 1804 litteras
552 1761 625 1805 oum
643 1740 746 1806 Verre
770 1743 903 1824 questus
927 1739 984 1804 es?
1015 1760 1101 1805 nove

88 1826 153 1891 tibi
175 1827 256 1892 haec
280 1831 357 1891 sunt
380 1831 413 1891 et
434 1828 627 1913 inopinata?
648 1849 733 1894 nunc
756 1828 899 1913 primum
921 1828 983 1892 hoc
1007 1848 1101 1892 aures

89 1919 166 1979 tuae
186 1915 309 1980 crimen
332 1916 515 2000 accipiunt?
537 1917 621 1980 nihil
645 1939 684 1982 ex
701 1916 816 2001 Dione,
838 1915 922 1981 nihil
945 1937 984 1980 ex
1008 1936 1101 1980 socru

51 2007 161 2084 11111,
184 2001 307 2068 femina
327 2004 496 2088 primaria,
520 2002 671 2088 Servilia,
694 2009 803 2070 vetere
821 2004 937 2069 Dionis
960 2003 1101 2088 hospita,

90 2091 234 2156 audisti?
280 2090 397 2158 Nonne
423 2093 528 2157 multa
551 2093 615 2157 mei
637 2097 753 2177 testes,
780 2115 861 2176 quae
885 2096 922 2156 tu
944 2092 1022 2174 scis,
1048 2113 1102 2155 nc·

90 2179 220 2245 sciunt?
247 2201 354 2246 nonne
382 2184 415 2245 te
438 2181 520 2245 mihi
542 2184 661 2246 testem
683 2181 718 2246 in
740 2181 802 2246 hoc
826 2181 959 2246 crimine
983 2179 1102 2263 eripuit

89 2289 155 2334 111
190 2268 287 2333 111111
324 2269 522 2353 innocentia,
558 2270 614 2334 sed
650 2269 733 2354 legis
771 2269 938 2355 exceptio?
979 2268 1101 2334 Recita.

89 2355 310 2423 Tnsrrnoxrn
327 2355 490 2439 Lucrum,
514 2355 659 2439 0111111,
682 2357 817 2424 Drorus.
855 2356 984 2423 Satisne
1007 2357 1100 2422 vobis
1120 2363 1140 2428 9

53 2461 77 2502 2⁵
90 2464 246 2531 magnam
269 2445 439 2530 pecuniam
461 2445 619 2510 Venerius
646 2445 759 2530 homo,
792 2446 848 2530 qui
875 2468 892 2511 c
915 2445 1102 2511 Chelidonis

90 2533 163 2598 sinu
194 2533 231 2597 in
262 2534 463 2618 provinciam
494 2534 660 2619 profectus
688 2537 786 2619 11111,
809 2533 946 2600 Veneris
972 2534 1102 2600 nomine

90 2622 257 2705 quaesisse
279 2621 428 2687 videtur?
802 2645 805 2652 ’

154 2709 305 2794 Accipite
332 2711 431 2775 aliam
458 2711 494 2775 in
516 2710 642 2775 minore
664 2710 802 2796 pecunia
823 2733 891 2776 non
913 2711 1020 2776 minus
1043 2711 1101 2774 im·
1120 2723 1154 2772 25

90 2799 265 2883 pudentem
285 2798 489 2864 calumniam.
527 2795 684 2884 Sosippus
703 2802 736 2863 11
753 2797 958 2865 Philocrates
981 2798 1100 2862 fratres

53 2901 77 2942 ³0
90 2891 166 2951 sunt
192 2887 424 2972 Agyrinenses
473 2885 600 2952 Horum
632 2891 727 2972 pater
754 2886 873 2953 abhinc
900 2887 963 2951 duo
992 2888 1026 2950 et
1051 2903 1102 2949 xx

91 2997 192 3042 annos
212 2979 264 3040 est
282 2979 444 3059 mortuus,
466 2975 610 3041 1111111
634 2979 841 3059 testamento,
865 2975 1006 3058 quodam
1029 2974 1100 3039 loco

90 3064 118 3128 si
144 3063 356 3131 commissum
384 3064 462 3149 quid
489 3067 589 3146 esset,
620 3064 725 3129 multa
753 3067 824 3127 1111
845 3061 974 3128 Veneri.
1023 3059 1100 3146 Ipso

89 3153 249 3238 vigesimo
278 3174 377 3234 anno,
405 3175 477 3218 11111
500 3152 699 3218 1111111111
721 3155 903 3236 praetores,
929 3152 980 3214 tot
1004 3169 1101 3233 quac-

90 3244 209 3324 stores,
237 3243 290 3305 tot
311 3241 563 3306 calumniatores
586 3241 621 3304 in
643 3239 811 3326 provincia
832 3238 985 3321 fuissent,
1012 3237 1101 3302 here·

54 3342 76 3384 ⁸⁵
90 3329 174 3394 ditas
189 3329 232 3394 ab
247 3329 298 3394 his
308 3329 445 3395 Veneris
463 3328 595 3395 nomine
613 3327 720 3413 petita
738 3331 797 3392 est.
830 3325 971 3392 Causam
981 3325 1100 3390 Verres
1165 3335 1170 3340 '

11 3405 12 3492 l
89 3416 272 3506 cognoscit,
304 3418 475 3502 pecuniam
505 3438 563 3501 per
586 3416 774 3482 Volcatium
802 3415 932 3500 accipit,
964 3413 1032 3482 fere
1060 3414 1102 3479 ad

11 3497 12 3550 l
89 3503 144 3570 HS
168 3523 255 3572 1111
279 3506 384 3590 milia,
408 3528 428 3572 a
451 3505 576 3572 duobus
599 3503 768 3570 iratribus.
808 3503 987 3569 Multorum
1010 3504 1101 3568 testi·
