2622 3884
342 183 409 238 ΜΒ.
425 185 451 238 v
485 184 563 242 car.
584 191 688 240 rs-so
707 193 721 252 s
740 192 853 242 4‘1-51.
1036 186 1101 250 447

90 327 198 413 pretio
229 327 356 393 varium
387 328 438 393 ius
471 333 505 394 et
536 329 698 414 disparem
729 329 949 396 condicionem
981 329 1102 395 fuisse?

92 415 199 493 Quid?
237 415 265 480 si
298 417 365 482 eius
394 417 483 482 modi
510 439 581 483 esse
608 419 688 484 haec
716 419 778 484 duo
805 419 937 485 foedera
964 419 1101 486 duorum
1121 433 1154 483 50

90 504 302 590 populorum,
329 505 465 590 iudices,
493 506 605 590 doceo,
632 511 671 572 ut
692 506 975 572 Tauromenitanis
1000 509 1102 573 nomi·

90 593 196 657 natim
215 596 347 657 cautum
366 596 399 658 et
417 600 587 678 exceptum
606 595 650 659 sit
667 594 805 678 foedere,
826 617 867 660 ne
886 618 1001 660 navem
1025 597 1101 662 dare

59 682 245 764 sdebeant,
277 680 481 746 Mamertinis
510 683 643 767 inipso
671 683 800 749 foedere
828 688 976 749 sanctum
1004 689 1102 768 atque

90 769 331 855 praescriptum
359 770 416 854 sit,
445 775 482 835 ut
509 793 626 836 navem
654 771 730 836 dare
757 793 887 837 necesse
915 772 971 856 sit,
1001 773 1100 837 istum

93 861 201 923 autem
229 861 344 923 contra
368 857 482 923 foedus
506 862 539 923 et
561 858 845 933 Tauromenitanis
867 860 1045 944 imperasse
1069 865 1101 926 et

91 945 296 1010 Mamertinis
323 946 501 1032 remisisse,
527 948 685 1031 numquid
713 948 845 1012 dubium
873 949 996 1032 poterit
1022 970 1101 1033 esse,

93 1035 171 1118 quin
193 1032 295 1098 Verre
327 1038 477 1119 praetore
509 1037 584 1120 plus
613 1036 817 1101 Mamertinis
850 1037 971 1120 cybaea
1003 1059 1101 1120 quam

45 1145 74 1182 ro
92 1122 375 1187 Tauromenitanis
411 1123 525 1188 foedus
563 1124 760 1209 opitulatum
793 1123 858 1188 sit?
911 1125 1101 1190 Recitentur

91 1211 230 1276 foedera.
271 1211 340 1275 Isto
364 1211 466 1296 igitur
488 1216 556 1294 tuo,
580 1233 674 1296 quem
699 1212 740 1277 ad
762 1213 894 1277 modum
916 1213 987 1297 ipse
1009 1211 1153 1298 prae-20

92 1300 194 1381 dicas,
218 1299 389 1383 beneficio,
411 1305 449 1364 ut
471 1322 523 1364 res
546 1301 681 1386 indicat,
703 1301 810 1385 pretio
834 1305 931 1384 atque
955 1302 1100 1366 mercede

91 1387 239 1452 minuisti
258 1387 463 1452 maiestatem
483 1389 707 1474 reipublicae,
730 1389 879 1453 minuisti
901 1389 1022 1454 auxilia
1045 1413 1100 1474 po·

90 1475 163 1560 puli
192 1475 346 1559 Romani,
383 1476 530 1540 minuisti
566 1477 675 1561 copias
713 1477 873 1543 maiorum
907 1478 1030 1542 virtute
1063 1500 1100 1543 ac

48 1583 75 1622 15
93 1564 254 1649 sapientia
275 1569 494 1649 comparatas,
518 1565 680 1629 sustulisti
702 1565 754 1630 ius
776 1565 918 1649 imperii,
942 1566 1099 1631 condicio-

90 1675 166 1716 nem
194 1652 369 1736 sociorum,
401 1653 592 1718 memoriam
619 1652 767 1719 foederis.
815 1653 877 1728 Qui
905 1675 944 1716 ex
970 1653 1099 1718 foedere

90 1741 163 1825 ipso
186 1762 302 1805 navem
325 1740 378 1805 vel
401 1763 503 1824 usque
527 1742 568 1805 ad
588 1740 765 1824 Oceanum,
789 1741 818 1805 si
839 1742 1100 1826 imperassemus,

91 1833 225 1913 sumptu
242 1828 451 1913 periculoque
470 1851 528 1894 suo
548 1833 708 1893 armatam
732 1832 829 1912 atque
853 1833 1003 1893 ornatam
1027 1829 1099 1893 mit·

91 1922 160 1983 tere
179 1917 367 2000 debuerunt,
390 1917 418 1982 ei
437 1939 477 1982 ne
495 1917 531 1982 in
547 1917 633 1982 freto
653 1920 728 1982 ante
748 1939 807 1982 sua
824 1920 913 1981 tecta
932 1921 965 1981 et
986 1917 1098 1982 domos

47 2006 299 2090 renavigarent,
334 2027 376 2070 ne
409 2027 468 2070 sua
503 2006 631 2070 moenia
667 2009 846 2090 portusque
883 2004 1099 2089 defenderent,

91 2094 197 2179 pretio
217 2093 276 2158 abs
294 2096 328 2156 te
345 2093 397 2158 ius
417 2093 556 2158 foederis
580 2098 613 2158 et
635 2093 764 2178 imperii
788 2093 1007 2158 condicionem
1031 2094 1098 2157 red-

92 2185 248 2246 emerunt.
293 2179 377 2255 Quid
403 2182 541 2247 censetis
568 2183 604 2246 in
629 2182 692 2246 hoc
718 2181 847 2246 foedere
874 2181 1022 2246 faciendo
1045 2203 1099 2246 vo·
1118 2197 1148 2244 51

91 2270 192 2334 luisse
210 2268 424 2335 Mamertinos
442 2270 616 2354 inpendere
635 2270 767 2354 laboris,
786 2292 912 2354 operae,
934 2268 1099 2354 pecuniae,

91 2379 132 2422 ne
148 2358 227 2422 hacc
246 2357 379 2422 biremis
399 2358 644 2443 adscriberetur,
664 2359 692 2423 si
710 2359 744 2423 id
761 2360 831 2424 ullo
849 2358 945 2424 modo
963 2362 1099 2443 possent

49 2464 76 2505 2⁵
92 2469 112 2511 a
130 2445 252 2510 nostris
272 2446 449 2512 maioribus
468 2447 665 2531 impetrare?
701 2447 787 2513 Nam
806 2469 878 2512 cum
897 2447 960 2512 hoc
982 2469 1098 2513 munus

90 2534 308 2618 inponebatur
344 2538 414 2599 tam
451 2555 549 2621 grave
582 2535 721 2621 civitati,
756 2536 863 2600 inerat
893 2535 1002 2602 nescio
1035 2558 1098 2620 quo

91 2622 187 2687 modo
215 2622 250 2686 in
277 2623 336 2688 illo
363 2623 491 2688 foedere
520 2623 685 2689 societatis
714 2624 807 2708 quasi
835 2624 993 2708 quaedam
1019 2628 1099 2688 nota

92 2710 268 2775 servitutis.
309 2712 402 2787 Quod
429 2715 499 2776 tum
526 2713 709 2777 recentibus
738 2713 804 2777 suis
830 2712 945 2777 officiis
968 2713 1099 2796 integra

90 2821 126 2862 re
157 2798 257 2863 nullis
289 2799 403 2883 populi
430 2799 570 2864 Romani
598 2801 845 2866 difficultatibus
874 2822 893 2865 a
920 2799 1098 2863 maioribus

48 2907 76 2947 so
90 2887 214 2952 nostris
235 2886 364 2952 foedere
388 2888 522 2972 adsequi
543 2910 610 2953 non
631 2892 821 2974 potuerunt,
844 2887 877 2951 id
900 2909 985 2952 nunc
1006 2887 1098 2950 nullo

92 2977 203 3056 [novo]
233 2975 340 3040 officio
369 2998 427 3041 suo
455 2980 506 3041 tot
534 2977 626 3041 annis
651 2980 728 3061 post
750 2977 819 3040 iure
842 2974 971 3059 imperii
993 2975 1098 3038 nostri

91 3062 267 3147 quotannis
295 3068 487 3148 usurpatum
515 3087 552 3130 ac
579 3086 706 3149 semper
729 3066 891 3128 retentum
916 3084 1042 3126 summa
1064 3063 1098 3126 in

90 3151 283 3216 difficultate
302 3151 434 3216 navium
454 3175 473 3216 a
492 3151 525 3216 O.
539 3153 641 3218 Verre
660 3152 766 3237 pretio
786 3151 930 3216 adsecuti
953 3154 1037 3236 sunt,
1061 3174 1098 3216 ac

90 3261 157 3304 non
184 3240 246 3305 hoc
273 3239 379 3304 solum
407 3240 563 3325 adsecuti,
595 3263 636 3305 ne
662 3262 778 3305 navem
807 3239 933 3322 darent3
965 3261 1096 3324 ecquem

50 3345 75 3386 ⁵5
90 3331 237 3409 nautam,
271 3349 403 3412 ecquem
435 3329 587 3413 militem,
619 3329 674 3413 qui
704 3331 762 3393 aut
788 3329 822 3392 in
849 3328 952 3392 classe
980 3332 1037 3392 aut
1062 3328 1098 3393 in

89 3415 268 3570 praesidip?
276 3419 377 3500 esset,
403 3420 437 3481 te
459 3421 609 3502 praetore
633 3439 691 3501 per
713 3416 888 3481 triennium
911 3414 1097 3481 Mamertini

112 3527 128 3568 e
153 3525 231 3568 erun
