2590 3884
194 181 259 244 144
493 176 533 232 ΙΝ
552 174 581 232 O.
595 175 750 231 VERREM
767 174 847 230 ACT.
866 174 899 230 Il.

193 325 288 388 unius
316 321 473 408 supplicio
502 324 672 386 contentus
700 319 799 385 fuerit
824 341 862 385 ac
882 341 949 385 non
971 320 1019 385 sic
1043 320 1207 405 statuerit,

192 433 260 476 non
278 411 380 475 istum
402 409 508 475 maius
530 413 565 473 in
587 429 658 473 sese
681 405 787 473 scelus
810 408 1007 492 concepisse,
1031 430 1106 474 cum
1127 409 1206 473 fana

194 499 357 584 spoliarit,
389 520 462 564 cum
491 501 543 562 tot
569 496 717 561 homines
744 495 933 561 innocentes
960 497 1099 580 necarit,
1132 518 1207 562 cnm

194 589 280 653 cives
303 587 469 651 Romanos
496 589 616 669 morte,
642 584 800 667 cruciatu,
828 606 921 650 cruce
946 585 1104 670 affecerit,
1131 607 1206 650 cum

194 676 392 760 praedonum
411 675 508 739 duces
527 678 661 758 accepta
677 672 814 757 pecnnia
832 672 1001 756 dimiserit,
1020 695 1120 757 quam
1139 693 1233 757 eos,⁵

196 764 294 848 siqui
309 764 409 827 istum
427 766 488 846 tot,
505 761 617 845 tantis,
635 763 706 826 tam
723 760 856 825 nefariis
877 761 1052 826 sceleribus
1071 783 1206 846 cooper-

143 856 265 916 lotum
297 851 397 916 iurati
428 849 590 915 sententia
616 870 675 913 sua
701 848 895 913 liberarint?
939 849 1015 915 Non
1042 853 1107 934 est,
1138 871 1206 914 non

195 944 246 1004 est
272 940 308 1004 in
333 939 396 1005 hoc
423 938 553 1003 homine
581 937 731 1020 cuiquam
758 936 912 1021 peccandi
937 937 1044 1022 locus,
1069 938 1206 1022 iudices,

194 1050 261 1094 non
289 1029 318 1092 is
348 1030 399 1092 est
427 1047 515 1110 reus,
544 1046 610 1090 non
638 1025 673 1089 id
701 1027 844 1109 tempus,
873 1047 939 1090 non
968 1025 1002 1090 id
1031 1027 1206 1091 consilinm

196 1115 334 1200 (metuo,
360 1137 402 1180 ne
430 1114 507 1198 quid
533 1112 740 1198 arrogantius
766 1113 852 1197 apud
874 1113 958 1178 tales
980 1114 1070 1179 viros
1094 1115 1207 1179 videar
1224 1130 1250 1173 1⁰

196 1203 326 1288 dicere),
348 1225 389 1267 ne
412 1206 504 1267 autor
526 1201 655 1285 quidem
678 1205 729 1266 est
750 1201 789 1284 is,
811 1200 863 1266 cui
885 1223 959 1266 reus
981 1205 1052 1267 tam
1074 1223 1207 1286 nocens,

195 1298 264 1358 tam
291 1290 449 1376 perditus,
477 1293 547 1354 tam
573 1289 739 1355 convictus
766 1292 824 1353 aut
850 1291 974 1354 occulte
996 1291 1127 1376 subripi
1150 1294 1208 1356 aut

194 1376 1208 1550 lllipl'nelirebilbbnlidsibgedhpecdiribriililecpiisbselnbdstlibbbbbi

195 1557 278 1621 tales
305 1555 368 1619 viri
396 1575 430 1618 se
452 1558 504 1619 tot
527 1553 745 1636 senatoribus,
772 1556 824 1618 tot
847 1553 1010 1637 equitibus
1033 1554 1207 1640 Romanis,
1221 1575 1245 1614 ιε

194 1647 247 1708 tot
276 1642 476 1727 civitatibus,
507 1646 560 1707 tot
584 1641 770 1706 hominibus
797 1640 1037 1708 honestissimis
1067 1666 1108 1708 ex
1137 1649 1208 1709 tam

195 1731 318 1796 illustri
331 1731 506 1816 provincia,
524 1733 577 1794 tot
589 1730 783 1814 populorum
797 1729 1063 1815 privatorumque
1083 1733 1208 1796 litteris

195 1842 261 1886 non
283 1820 469 1903 credidisse,
491 1821 603 1882 tantae
626 1817 740 1903 populi
761 1817 901 1882 Romani
924 1819 1090 1884 voluntati
1112 1821 1208 1885 resti·

145 1925 175 1974 11
195 1909 296 1973 tissa?
347 1906 548 1990 Sustineant3
580 1905 790 1990 reperiemus,
825 1906 853 1970 si
884 1905 985 1971 istum
1018 1907 1133 1973 vivum
1167 1908 1209 1973 ad

196 1997 285 2062 aliud
301 1996 455 2061 iudicium
475 1994 647 2080 perducere
669 1994 862 2078 poterimus,
886 1995 1003 2079 quibus
1026 1996 1207 2080 probemus
1221 2015 1246 2054 πο

195 2086 295 2149 istum
327 2085 361 2148 in
389 2087 564 2168 quaestura
590 2082 760 2165 pecuniam
786 2082 951 2166 publicam
979 2082 1036 2148 On.
1059 2082 1209 2150 Carboni

195 2172 321 2237 consuli
349 2172 459 2235 datum
488 2171 657 2254 avertisse,
685 2170 802 2254 quibus
827 2171 1079 2255 persuadeamus
1103 2173 1207 2238 istum

196 2260 302 2324 alieno
333 2259 463 2323 nomine
491 2280 511 2324 a
538 2258 764 2341 quaestoribus
797 2259 944 2344 urbanis,
975 2261 1062 2344 quod
1094 2262 1208 2345 priore

195 2347 323 2412 actione
346 2346 516 2430 didicistis,
541 2346 710 2430 pecuniam
733 2347 921 2430 abstulisse3
944 2352 1040 2413 erunt
1062 2349 1122 2432 qni
1147 2352 1207 2431 [et]

194 2435 230 2498 in
256 2455 294 2499 eo
323 2455 450 2518 quoquc
475 2434 643 2499 audaciam
665 2435 734 2500 eius
756 2434 1008 2520 reprehendent,
1036 2437 1126 2520 quod
1149 2439 1207 2502 ali·
1220 2455 1246 2496 2⁵

195 2526 276 2607 quot
292 2522 479 2588 nominibus
498 2523 537 2588 de
556 2524 671 2607 capite,
694 2527 851 2606 quantum
870 2524 1074 2589 commodum
1095 2525 1208 2611 fuerit,

194 2611 350 2675 frumenti
382 2611 550 2677 decumani
577 2611 766 2694 detraxerit3
798 2616 894 2676 erunt
926 2613 1025 2676 etiam
1052 2612 1207 2698 fortasse,

194 2699 330 2785 iudices,
355 2699 411 2784 qui
432 2700 526 2765 illum
549 2699 617 2764 eius
640 2700 826 2783 peculatum
848 2701 901 2764 vel
924 2701 1079 2766 acerrime
1103 2702 1207 2767 vindi-

196 2788 333 2853 cendum
343 2791 468 2873 putent,
482 2787 568 2872 quod
576 2788 639 2851 iste
648 2787 691 2851 M.
698 2787 844 2852 Marcelli
854 2792 886 2852 et
895 2788 929 2853 P.
935 2786 1082 2854 Africani
1092 2811 1207 2856 monu-

196 2880 319 2960 ments,
348 2898 430 2962 quae
452 2877 582 2940 nomine
604 2875 750 2956 illorum,
773 2897 808 2940 re
826 2898 903 2942 vera
924 2877 1038 2961 populi
1061 2876 1207 2944 Romani
1220 2895 1246 2936 ³⁰

197 2968 230 3029 et
248 2968 341 3029 erant
364 2968 397 3029 et
418 2964 636 3047 habebantur,
659 2964 805 3028 orfanis
827 2964 1084 3050 religiosissimis
1108 2971 1144 3031 et
1167 2990 1207 3032 ex

195 3053 331 3117 urbibus
342 3053 502 3118 sociorum
513 3056 610 3136 atque
622 3052 799 3117 amicorum
812 3074 880 3117 non
894 3052 1052 3117 dubitarit
1067 3054 1206 3120 auferre.

145 3118 375 3244 1{Elmerserit
406 3162 445 3204 ex
475 3141 644 3225 peculatus
672 3140 771 3204 etiam
797 3140 929 3224 iudici03
945 3141 1139 3207 meditetur
1167 3144 1206 3208 de

196 3227 329 3292 ducibus
343 3227 497 3311 hostium,
516 3250 596 3312 quos
611 3231 743 3314 accepta
756 3229 892 3313 pecunia
905 3229 1066 3307 liberavit,
1084 3231 1206 3316 videat,

196 3315 273 3396 quid
300 3315 339 3378 de
365 3315 431 3379 illis
458 3315 666 3400 respondeat,
694 3337 774 3401 quos
801 3316 836 3380 in
863 3338 973 3381 eorum
997 3318 1107 3382 locum
1130 3319 1205 3385 sub·
1218 3337 1242 3377 ³⁵

196 3400 281 3464 ditos
301 3402 388 3467 domi
411 3423 488 3466 suae
510 3402 697 3485 reservavit,
721 3407 856 3487 quaerat
878 3426 945 3469 non
967 3405 1082 3489 solum,
1106 3429 1205 3491 quem

195 3485 237 3550 ad
264 3488 395 3553 modum
422 3494 535 3554 nostro
563 3490 702 3576 crimini,
732 3512 843 3555 verum
871 3492 983 3572 etiarn,
1012 3514 1077 3577 quo
1105 3500 1205 3580 pacto
