2524 3876
387 171 465 227 GAP.
487 175 590 228 18-20
608 178 623 239 ἕ
642 179 755 228 61-57.
1039 176 1082 240 49

81 315 226 381 desitne?
259 313 370 380 ‘Non'
411 315 490 392 Quis
513 316 703 402 prohibuit?
736 316 946 403 ‘Cogitsbst’
987 318 1082 406 Cogi·

79 405 188 470 tabat?
212 404 263 470 cui
280 403 384 469 dixit?
408 403 571 470 ‘Nemini'
613 403 697 480 Quid
719 408 770 471 est
793 407 880 472 uliud
903 407 1021 473 iudicio
1045 431 1083 474 sc

79 491 202 579 legibus
222 514 259 557 ac
282 492 453 558 maiestate
475 497 586 558 vestra
609 494 701 560 abuti
724 495 765 560 sd
788 499 960 580 quaestum
984 501 1082 582 atque

78 581 117 645 sd
133 580 310 664 libidinem,
329 580 394 645 nisi
412 580 475 647 hoc
493 581 589 647 modo
608 603 760 648 accusare
779 587 876 668 atque
895 584 929 649 id
947 584 1083 670 obicere,

43 686 55 726 ⁶
79 669 159 752 quod
172 669 317 770 'planum
338 667 444 734 facere
466 691 534 736 non
555 669 651 736 modo
675 692 741 736 non
762 672 883 757 possis,
907 694 1020 738 verum
1042 695 1083 738 ne

77 778 197 822 coneris
217 756 369 841 quidem?
400 755 505 822 Nemo
523 762 673 823 nostrum
692 762 752 844 est,
771 759 880 844 Eruci,
903 761 982 844 quin
1000 761 1082 827 sciat
1101 775 1136 827 tc
1165 765 1168 770 '

77 845 134 909 tibi
162 844 350 910 inimicitias
378 867 451 911 curn
479 844 550 912 Sex.
573 845 692 912 Roscio
719 847 827 912 nullcs
856 869 940 932 esse3
971 850 1083 915 vident

77 954 198 1017 omnes,
236 955 300 1017 qus
329 933 369 998 de
400 955 499 999 causa
530 933 605 999 huic
636 935 786 1001 inimicus
818 936 942 1020 veniss3
976 938 1083 1003 sciunt

75 1021 204 1086 huiusce
235 1020 372 1106 pecunie
397 1025 431 1086 te
463 1021 636 1110 adductum
663 1044 742 1089 esse.
793 1022 877 1100 Quid
905 1046 982 1111 ergo
1010 1026 1083 1090 est?

43 1127 65 1165 ιο
77 1107 126 1173 lta
142 1113 254 1175 tamen
272 1113 425 1194 quaestus
444 1114 477 1174 te
495 1111 647 1195 cupidum
665 1132 735 1176 esse
758 1111 942 1196 oportebat,
965 1115 1002 1178 ut
1024 1113 1083 1179 hc

75 1219 144 1262 rum
172 1197 446 1262 existimationem
474 1201 508 1262 ct
534 1199 642 1284 legem
664 1198 847 1265 Remmiam
868 1203 1002 1285 putares
1026 1201 1083 1267 sli-

77 1285 150 1369 quid
172 1285 282 1352 valere
304 1290 463 1370 oportere.

160 1374 376 1440 Accusatores
399 1375 521 1440 multos
545 1395 615 1439 esse
638 1374 827 1440 incivitate
850 1376 932 1441 utile
955 1381 1019 1462 est,
1046 1382 1083 1443 ut
1093 1369 1136 1433 20
1248 1443 1249 1472 ¹

75 1465 160 1527 metu
187 1463 394 1527 contineatur
421 1462 568 1546 audacis3
595 1483 709 1528 verum
734 1467 847 1528 tamen
872 1465 935 1531 hoc
961 1465 1011 1530 ita
1033 1470 1083 1532 est

42 1550 168 1634 sutile,
190 1553 230 1614 ut
248 1571 290 1615 ne
312 1550 409 1633 plane
431 1549 608 1615 illudamur
631 1551 673 1616 sb
696 1552 948 1618 accusatoribus.
988 1553 1083 1620 Inno-

75 1660 145 1703 cens
169 1639 220 1703 est
243 1638 419 1722 quispiam,
443 1660 556 1704 verum
579 1642 702 1722 tamen,
726 1661 924 1724 quamquam
947 1642 1040 1707 abest
1063 1663 1084 1707 a

74 1727 180 1812 culpa,
208 1725 391 1810 suspicione
417 1730 530 1792 tamen
553 1749 621 1792 non
642 1731 744 1812 curet3
772 1728 905 1793 tametsi
927 1729 1083 1794 miserum

74 1818 134 1897 est,
157 1818 271 1879 tamen
291 1814 334 1897 ei,
357 1815 414 1898 qui
430 1816 516 1880 hunc
540 1819 681 1898 accuset,
704 1816 829 1899 possim
852 1816 962 1900 aliquo
986 1816 1082 1882 modo

73 1901 248 1988 ignoscere.
280 1899 363 1968 (lum
382 1903 468 1968 enim
487 1903 610 1988 aliquid
631 1903 762 1988 habeat,
784 1904 871 1988 quod
893 1903 999 1989 possit
1021 1905 1083 1970 cri-

38 2008 62 2047 20
74 1991 196 2056 minose
216 2011 253 2056 sc
272 1990 449 2076 suspiciose
468 1991 581 2075 dicere,
604 1995 715 2076 aperte
734 1992 894 2058 ludificari
913 1996 946 2058 et
963 1993 1083 2058 calum-

72 2079 154 2144 nisri
168 2079 274 2145 sciens
292 2100 359 2144 non
376 2079 533 2145 videatur.
569 2078 676 2155 Quare
692 2079 789 2146 facile
808 2102 919 2146 omnes
937 2082 1083 2166 patimur
1101 2085 1135 2135 ⁵⁶

73 2189 141 2232 esse
155 2167 429 2252 quamplurimos
444 2171 656 2251 accusatores,
671 2168 757 2251 quod
770 2169 934 2254 innocens,
948 2169 976 2234 si
991 2191 1083 2236 accu-

73 2258 161 2320 satus
180 2255 235 2338 sit,
258 2255 385 2321 absolvi
402 2259 523 2341 potest,
543 2277 673 2340 nocens,
696 2256 759 2321 nisi
782 2261 951 2323 accusatus
973 2257 1084 2342 fuerit,

74 2343 281 2409 condemnari
302 2364 370 2409 non
390 2347 515 2428 potest3
541 2344 654 2408 utilius
678 2348 729 2409 est
751 2349 861 2410 autem
883 2346 1012 2411 absolvi
1034 2346 1083 2410 iu-
1147 2422 1151 2425 ,
1249 2383 1250 2414 l

39 2447 62 2487 ²⁵
74 2436 244 2498 nocentem
263 2453 361 2516 quam
378 2435 549 2498 nocentem
566 2454 699 2498 causam
716 2453 781 2497 non
802 2432 916 2501 dicere.
951 2433 1084 2498 Anseri-

72 2520 131 2584 bus
149 2519 276 2586 cibaria
293 2520 422 2605 publice
441 2521 600 2603 locantur,
620 2525 654 2584 et
671 2541 767 2586 canes
785 2521 919 2586 aluntur
935 2520 970 2586 in
989 2520 1083 2607 Gepi-

72 2608 167 2693 thio,
206 2611 245 2673 ut
281 2607 479 2694 significent,
515 2608 544 2673 si
579 2607 668 2673 iures
702 2608 859 2674 venerint.
913 2606 960 2674 At
994 2608 1083 2674 fures
1152 2673 1154 2678 .

71 2693 292 2762 internoscere
322 2716 390 2761 non
419 2699 570 2781 possunt,
603 2696 789 2782 significent
815 2700 939 2781 tamen,
971 2697 1000 2762 si
1028 2697 1084 2781 qui

72 2787 168 2850 noctu
195 2784 232 2850 in
254 2781 454 2868 Capitolium
481 2788 651 2870 venerunt,
679 2787 726 2868 et,
753 2785 830 2870 quia
850 2783 885 2849 id
907 2788 958 2849 est
980 2784 1084 2869 suspi-

38 2871 210 2958 wciosum,
237 2872 371 2937 tametsi
396 2872 521 2938 bestiae
549 2876 638 2956 sunt,
664 2876 776 2938 temen
802 2873 838 2938 in
860 2894 932 2938 eam
955 2875 1083 2957 partem

72 2961 180 3045 potius
198 2963 345 3046 peccaut,
368 2964 519 3045 quaeest
541 2961 676 3026 csutior.
717 2959 839 3037 Quodsi
861 2961 933 3027 luce
956 2981 1084 3044 quoque

72 3067 165 3114 canes
198 3049 335 3132 latrent,
367 3070 441 3114 cum
473 3048 550 3114 deos
582 3050 762 3115 salutatum
794 3049 896 3134 aliqui
926 3049 1084 3131 uenerint,

72 3137 197 3220 opinor,
220 3136 261 3202 iis
284 3158 380 3202 crura
402 3136 647 3223 suffringcntur‚
670 3138 756 3223 quod
779 3160 869 3204 acres
892 3136 959 3203 sint
983 3137 1083 3202 etism

72 3226 155 3310 tum,
178 3247 254 3291 cum
274 3246 329 3290 sus
353 3224 415 3290 icio
438 3225 532 3290 nulle
553 3225 606 3290 sit.
646 3223 822 3291 Simillima
844 3228 895 3292 est
918 3228 1084 3292 accusato·
1103 3235 1138 3286 5⁷

37 3326 143 3378 ³⁶rum
174 3313 272 3378 ratio.
348 3312 386 3378 lii
417 3317 563 3378 vestrum
591 3335 721 3380 anseres
749 3319 839 3399 sunt,
872 3314 928 3399 qui
954 3317 1084 3380 tantum

72 3401 167 3466 modo
187 3402 345 3485 clamant,
367 3422 484 3467 nocere
501 3423 568 3467 non
585 3406 736 3487 possunt,
760 3401 818 3467 alii
840 3422 948 3485 cenes,
972 3401 1027 3485 qui
1051 3404 1085 3466 et

72 3489 194 3555 latrare
224 3493 257 3554 ct
288 3489 436 3556 mordere
463 3493 609 3576 possunt.
654 3488 787 3556 Cibaria
813 3489 908 3555 vobis
935 3489 1084 3574 praeberi

124 3599 179 3643 cro.
193 3601 227 3641 11.
251 3604 269 3644 1.
854 3596 872 3646 4
