<?xml version="1.0" encoding="UTF-8"?>
<!DOCTYPE html PUBLIC "-//W3C//DTD XHTML 1.0 Transitional//EN"
    "http://www.w3.org/TR/xhtml1/DTD/xhtml1-transitional.dtd">
<html xmlns="http://www.w3.org/1999/xhtml" xml:lang="en" lang="en">
 <head>
  <title>
</title>
<meta http-equiv="Content-Type" content="text/html;charset=utf-8" />
  <meta name='ocr-system' content='tesseract 3.04.00' />
  <meta name='ocr-capabilities' content='ocr_page ocr_carea ocr_par ocr_line ocrx_word'/>
</head>
<body>
  <div class='ocr_page' id='page_1' title='image "./scriptaquaemans01mullgoog_0244.png"; bbox 0 0 2604 3880; ppageno 0'>
   <div class='ocr_carea' id='block_1_1' title="bbox 459 187 1132 256">
    <p class='ocr_par' dir='ltr' id='par_1_1' title="bbox 459 187 1132 256">
     <span class='ocr_line' id='line_1_1' title="bbox 459 187 1132 256; baseline 0 -14"><span class='ocrx_word' id='word_1_1' title='bbox 459 187 535 243; x_wconf 69' lang='lat' dir='ltr'><strong>car.</strong></span> <span class='ocrx_word' id='word_1_2' title='bbox 555 193 624 244; x_wconf 84' lang='lat' dir='ltr'><strong>c-e</strong></span> <span class='ocrx_word' id='word_1_3' title='bbox 643 193 658 254; x_wconf 75' lang='grc'>1</span> <span class='ocrx_word' id='word_1_4' title='bbox 678 193 790 246; x_wconf 78' lang='grc'>11-11.</span> <span class='ocrx_word' id='word_1_5' title='bbox 1068 190 1132 256; x_wconf 80' lang='lat'><strong>129</strong></span> 
     </span>
    </p>
   </div>
   <div class='ocr_carea' id='block_1_2' title="bbox 9 329 1276 3658">
    <p class='ocr_par' dir='ltr' id='par_1_2' title="bbox 121 329 1133 504">
     <span class='ocr_line' id='line_1_2' title="bbox 122 329 1133 416; baseline 0.005 -21"><span class='ocrx_word' id='word_1_6' title='bbox 122 331 252 416; x_wconf 89' lang='lat' dir='ltr'><strong>quidem</strong></span> <span class='ocrx_word' id='word_1_7' title='bbox 281 330 344 397; x_wconf 89' lang='lat' dir='ltr'><strong>tibi</strong></span> <span class='ocrx_word' id='word_1_8' title='bbox 367 329 534 416; x_wconf 72' lang='lat' dir='ltr'>eripietur,</span> <span class='ocrx_word' id='word_1_9' title='bbox 562 332 618 397; x_wconf 86' lang='lat' dir='ltr'><strong>sed</strong></span> <span class='ocrx_word' id='word_1_10' title='bbox 639 354 699 398; x_wconf 91' lang='lat' dir='ltr'><strong>nos</strong></span> <span class='ocrx_word' id='word_1_11' title='bbox 722 353 788 398; x_wconf 89' lang='lat' dir='ltr'><strong>non</strong></span> <span class='ocrx_word' id='word_1_12' title='bbox 810 333 993 399; x_wconf 76' lang='lat' dir='ltr'><strong>tenebimus</strong></span> <span class='ocrx_word' id='word_1_13' title='bbox 1015 333 1133 401; x_wconf 88' lang='lat' dir='ltr'><strong>iudicia</strong></span> 
     </span>
     <span class='ocr_line' id='line_1_3' title="bbox 121 418 1133 504; baseline 0.004 -20"><span class='ocrx_word' id='word_1_14' title='bbox 121 420 258 504; x_wconf 82' lang='lat' dir='ltr'><strong>diutius3</strong></span> <span class='ocrx_word' id='word_1_15' title='bbox 282 418 401 484; x_wconf 79' lang='lat' dir='ltr'><strong>etenim</strong></span> <span class='ocrx_word' id='word_1_16' title='bbox 424 420 496 504; x_wconf 89' lang='lat' dir='ltr'><strong>quis</strong></span> <span class='ocrx_word' id='word_1_17' title='bbox 519 421 642 504; x_wconf 87' lang='lat' dir='ltr'><strong>poterit</strong></span> <span class='ocrx_word' id='word_1_18' title='bbox 663 419 766 486; x_wconf 90' lang='lat' dir='ltr'><strong>Verre</strong></span> <span class='ocrx_word' id='word_1_19' title='bbox 790 421 941 487; x_wconf 88' lang='lat' dir='ltr'><strong>absoluto</strong></span> <span class='ocrx_word' id='word_1_20' title='bbox 965 422 1003 486; x_wconf 87' lang='lat' dir='ltr'><strong>dc</strong></span> <span class='ocrx_word' id='word_1_21' title='bbox 1028 425 1133 488; x_wconf 87' lang='lat' dir='ltr'><strong>trans-</strong></span> 
     </span>
    </p>

    <p class='ocr_par' dir='ltr' id='par_1_3' title="bbox 20 507 1276 682">
     <span class='ocr_line' id='line_1_4' title="bbox 20 507 1132 595; baseline 0.003 -23"><span class='ocrx_word' id='word_1_22' title='bbox 20 533 22 537; x_wconf 93' lang='lat'>·</span> <span class='ocrx_word' id='word_1_23' title='bbox 120 507 262 573; x_wconf 85' lang='lat' dir='ltr'><strong>ferendis</strong></span> <span class='ocrx_word' id='word_1_24' title='bbox 285 507 412 573; x_wconf 88' lang='lat' dir='ltr'><strong>iudiciis</strong></span> <span class='ocrx_word' id='word_1_25' title='bbox 435 508 618 574; x_wconf 75' lang='lat' dir='ltr'><strong>recusarel&#39;</strong></span> <span class='ocrx_word' id='word_1_26' title='bbox 663 507 746 574; x_wconf 83' lang='lat' dir='ltr'><strong>Erat</strong></span> <span class='ocrx_word' id='word_1_27' title='bbox 769 510 919 574; x_wconf 90' lang='lat' dir='ltr'><strong>omnibus</strong></span> <span class='ocrx_word' id='word_1_28' title='bbox 943 510 1132 595; x_wconf 70' lang='lat' dir='ltr'><strong>molestum,</strong></span> 
     </span>
     <span class='ocr_line' id='line_1_5' title="bbox 121 596 1276 682; baseline 0.003 -21"><span class='ocrx_word' id='word_1_29' title='bbox 121 618 225 681; x_wconf 84' lang='lat' dir='ltr'><strong>nequo</strong></span> <span class='ocrx_word' id='word_1_30' title='bbox 252 617 307 662; x_wconf 88' lang='lat' dir='ltr'><strong>eos</strong></span> <span class='ocrx_word' id='word_1_31' title='bbox 334 600 404 662; x_wconf 90' lang='lat' dir='ltr'><strong>tam</strong></span> <span class='ocrx_word' id='word_1_32' title='bbox 430 596 525 660; x_wconf 88' lang='lat' dir='ltr'><strong>istius</strong></span> <span class='ocrx_word' id='word_1_33' title='bbox 552 597 694 662; x_wconf 91' lang='lat' dir='ltr'><strong>hominis</strong></span> <span class='ocrx_word' id='word_1_34' title='bbox 721 597 840 682; x_wconf 89' lang='lat' dir='ltr'><strong>perditi</strong></span> <span class='ocrx_word' id='word_1_35' title='bbox 868 597 978 663; x_wconf 85' lang='lat' dir='ltr'><strong>subita</strong></span> <span class='ocrx_word' id='word_1_36' title='bbox 1004 599 1132 664; x_wconf 88' lang='lat' dir='ltr'><strong>laetitia</strong></span> <span class='ocrx_word' id='word_1_37' title='bbox 1150 604 1183 654; x_wconf 77' lang='lat'><strong>21</strong></span> <span class='ocrx_word' id='word_1_38' title='bbox 1272 626 1276 640; x_wconf 92' lang='lat'><strong>·</strong></span> 
     </span>
    </p>

    <p class='ocr_par' dir='ltr' id='par_1_4' title="bbox 9 684 1132 794">
     <span class='ocr_line' id='line_1_6' title="bbox 9 684 1132 794; baseline 0.003 -45"><span class='ocrx_word' id='word_1_39' title='bbox 9 747 13 794; x_wconf 73' lang='lat'><strong>,</strong></span> <span class='ocrx_word' id='word_1_40' title='bbox 93 708 108 750; x_wconf 76' lang='lat' dir='ltr'><strong>s</strong></span> <span class='ocrx_word' id='word_1_41' title='bbox 122 707 221 768; x_wconf 85' lang='lat' dir='ltr'><strong>quarn</strong></span> <span class='ocrx_word' id='word_1_42' title='bbox 234 684 375 750; x_wconf 88' lang='lat' dir='ltr'><strong>hominis</strong></span> <span class='ocrx_word' id='word_1_43' title='bbox 390 684 584 769; x_wconf 75' lang='lat' dir='ltr'><strong>amplissimi</strong></span> <span class='ocrx_word' id='word_1_44' title='bbox 597 706 684 750; x_wconf 87' lang='lat' dir='ltr'><strong>nova</strong></span> <span class='ocrx_word' id='word_1_45' title='bbox 701 685 878 770; x_wconf 78' lang='lat' dir='ltr'><strong>gratulatio</strong></span> <span class='ocrx_word' id='word_1_46' title='bbox 898 687 1132 752; x_wconf 86' lang='lat' dir='ltr'><strong>commovebat.</strong></span> 
     </span>
    </p>

    <p class='ocr_par' dir='ltr' id='par_1_5' title="bbox 9 772 1132 1016">
     <span class='ocr_line' id='line_1_7' title="bbox 9 772 1132 860; baseline 0.002 -22"><span class='ocrx_word' id='word_1_47' title='bbox 9 795 10 802; x_wconf 52' lang='lat'>¹</span> <span class='ocrx_word' id='word_1_48' title='bbox 122 773 300 858; x_wconf 85' lang='lat' dir='ltr'><strong>Oupiebam</strong></span> <span class='ocrx_word' id='word_1_49' title='bbox 337 772 541 838; x_wconf 86' lang='lat' dir='ltr'><strong>dissimulare</strong></span> <span class='ocrx_word' id='word_1_50' title='bbox 572 795 624 839; x_wconf 88' lang='lat' dir='ltr'><strong>me</strong></span> <span class='ocrx_word' id='word_1_51' title='bbox 655 772 690 838; x_wconf 91' lang='lat' dir='ltr'><strong>id</strong></span> <span class='ocrx_word' id='word_1_52' title='bbox 721 773 857 838; x_wconf 88' lang='lat' dir='ltr'><strong>moleste</strong></span> <span class='ocrx_word' id='word_1_53' title='bbox 892 773 991 857; x_wconf 87' lang='lat' dir='ltr'><strong>ferre,</strong></span> <span class='ocrx_word' id='word_1_54' title='bbox 1028 775 1132 860; x_wconf 92' lang='lat' dir='ltr'><strong>cupie-</strong></span> 
     </span>
     <span class='ocr_line' id='line_1_8' title="bbox 121 860 1131 947; baseline 0.001 -21"><span class='ocrx_word' id='word_1_55' title='bbox 121 863 198 926; x_wconf 90' lang='lat' dir='ltr'><strong>bam</strong></span> <span class='ocrx_word' id='word_1_56' title='bbox 236 861 336 926; x_wconf 86' lang='lat' dir='ltr'><strong>animi</strong></span> <span class='ocrx_word' id='word_1_57' title='bbox 372 860 516 926; x_wconf 87' lang='lat' dir='ltr'><strong>dolorem</strong></span> <span class='ocrx_word' id='word_1_58' title='bbox 552 861 647 926; x_wconf 92' lang='lat' dir='ltr'><strong>vultu</strong></span> <span class='ocrx_word' id='word_1_59' title='bbox 681 865 793 947; x_wconf 88' lang='lat' dir='ltr'><strong>tegere</strong></span> <span class='ocrx_word' id='word_1_60' title='bbox 834 865 867 926; x_wconf 87' lang='lat' dir='ltr'><strong>et</strong></span> <span class='ocrx_word' id='word_1_61' title='bbox 906 861 1131 928; x_wconf 77' lang='lat' dir='ltr'><strong>taciturnitate</strong></span> 
     </span>
     <span class='ocr_line' id='line_1_9' title="bbox 121 949 236 1016; baseline -0.035 0"><span class='ocrx_word' id='word_1_62' title='bbox 121 949 236 1016; x_wconf 85' lang='lat' dir='ltr'><strong>celare.</strong></span> 
     </span>
    </p>

    <p class='ocr_par' dir='ltr' id='par_1_6' title="bbox 186 1035 1131 1122">
     <span class='ocr_line' id='line_1_10' title="bbox 186 1035 1131 1122; baseline 0.002 -21"><span class='ocrx_word' id='word_1_63' title='bbox 186 1037 271 1102; x_wconf 81' lang='lat' dir='ltr'><strong>Ecce</strong></span> <span class='ocrx_word' id='word_1_64' title='bbox 292 1040 401 1102; x_wconf 89' lang='lat' dir='ltr'><strong>autem</strong></span> <span class='ocrx_word' id='word_1_65' title='bbox 422 1037 490 1102; x_wconf 92' lang='lat' dir='ltr'><strong>illis</strong></span> <span class='ocrx_word' id='word_1_66' title='bbox 512 1035 593 1122; x_wconf 92' lang='lat' dir='ltr'><strong>ipsis</strong></span> <span class='ocrx_word' id='word_1_67' title='bbox 618 1036 741 1122; x_wconf 84' lang='lat' dir='ltr'><strong>diebus,</strong></span> <span class='ocrx_word' id='word_1_68' title='bbox 764 1058 836 1102; x_wconf 89' lang='lat' dir='ltr'><strong>cum</strong></span> <span class='ocrx_word' id='word_1_69' title='bbox 859 1041 1026 1122; x_wconf 87' lang='lat' dir='ltr'><strong>praetores</strong></span> <span class='ocrx_word' id='word_1_70' title='bbox 1050 1038 1131 1103; x_wconf 89' lang='lat' dir='ltr'><strong>desi-</strong></span> 
     </span>
    </p>

    <p class='ocr_par' dir='ltr' id='par_1_7' title="bbox 9 1123 1130 1212">
     <span class='ocr_line' id='line_1_11' title="bbox 9 1123 1130 1212; baseline -0.001 -20"><span class='ocrx_word' id='word_1_71' title='bbox 9 1169 10 1178; x_wconf 36' lang='grc'>1</span> <span class='ocrx_word' id='word_1_72' title='bbox 82 1125 216 1212; x_wconf 79' lang='lat' dir='ltr'><strong>regnati</strong></span> <span class='ocrx_word' id='word_1_73' title='bbox 243 1125 438 1190; x_wconf 88' lang='lat' dir='ltr'><strong>sortirentur</strong></span> <span class='ocrx_word' id='word_1_74' title='bbox 465 1129 498 1190; x_wconf 91' lang='lat' dir='ltr'><strong>et</strong></span> <span class='ocrx_word' id='word_1_75' title='bbox 524 1123 568 1189; x_wconf 90' lang='lat' dir='ltr'><strong>M.</strong></span> <span class='ocrx_word' id='word_1_76' title='bbox 594 1123 728 1191; x_wconf 91' lang='lat' dir='ltr'><strong>Metello</strong></span> <span class='ocrx_word' id='word_1_77' title='bbox 756 1125 944 1211; x_wconf 84' lang='lat' dir='ltr'><strong>obtigisset,</strong></span> <span class='ocrx_word' id='word_1_78' title='bbox 970 1129 1008 1191; x_wconf 89' lang='lat' dir='ltr'><strong>ut</strong></span> <span class='ocrx_word' id='word_1_79' title='bbox 1034 1125 1063 1190; x_wconf 88' lang='lat' dir='ltr'><strong>is</strong></span> <span class='ocrx_word' id='word_1_80' title='bbox 1091 1126 1130 1192; x_wconf 90' lang='lat' dir='ltr'><strong>de</strong></span> 
     </span>
    </p>

    <p class='ocr_par' dir='ltr' id='par_1_8' title="bbox 9 1211 1131 1298">
     <span class='ocr_line' id='line_1_12' title="bbox 9 1211 1131 1298; baseline -0.001 -19"><span class='ocrx_word' id='word_1_81' title='bbox 9 1211 10 1260; x_wconf 75' lang='lat' dir='ltr'><strong>l</strong></span> <span class='ocrx_word' id='word_1_82' title='bbox 121 1212 266 1296; x_wconf 86' lang='lat' dir='ltr'><strong>pecuniis</strong></span> <span class='ocrx_word' id='word_1_83' title='bbox 289 1213 476 1297; x_wconf 87' lang='lat' dir='ltr'><strong>repetundis</strong></span> <span class='ocrx_word' id='word_1_84' title='bbox 499 1216 684 1298; x_wconf 88' lang='lat' dir='ltr'><strong>quaereret,</strong></span> <span class='ocrx_word' id='word_1_85' title='bbox 707 1214 876 1279; x_wconf 91' lang='lat' dir='ltr'><strong>nuntiatur</strong></span> <span class='ocrx_word' id='word_1_86' title='bbox 899 1214 980 1278; x_wconf 90' lang='lat' dir='ltr'><strong>mihi</strong></span> <span class='ocrx_word' id='word_1_87' title='bbox 1002 1218 1131 1280; x_wconf 87' lang='lat' dir='ltr'><strong>tantam</strong></span> 
     </span>
    </p>

    <p class='ocr_par' dir='ltr' id='par_1_9' title="bbox 9 1263 1130 1387">
     <span class='ocr_line' id='line_1_13' title="bbox 121 1301 1130 1387; baseline 0.002 -20.8"><span class='ocrx_word' id='word_1_88' title='bbox 121 1302 178 1367; x_wconf 88' lang='lat' dir='ltr'><strong>isti</strong></span> <span class='ocrx_word' id='word_1_89' title='bbox 200 1301 456 1387; x_wconf 77' lang='lat' dir='ltr'><strong>gratulationem</strong></span> <span class='ocrx_word' id='word_1_90' title='bbox 479 1322 549 1366; x_wconf 87' lang='lat' dir='ltr'><strong>csse</strong></span> <span class='ocrx_word' id='word_1_91' title='bbox 571 1301 706 1385; x_wconf 79' lang='lat' dir='ltr'><strong>factam,</strong></span> <span class='ocrx_word' id='word_1_92' title='bbox 736 1305 774 1366; x_wconf 93' lang='lat' dir='ltr'><strong>ut</strong></span> <span class='ocrx_word' id='word_1_93' title='bbox 796 1302 824 1366; x_wconf 88' lang='lat' dir='ltr'><strong>is</strong></span> <span class='ocrx_word' id='word_1_94' title='bbox 848 1302 980 1368; x_wconf 90' lang='lat' dir='ltr'><strong>domum</strong></span> <span class='ocrx_word' id='word_1_95' title='bbox 1003 1325 1130 1387; x_wconf 88' lang='lat' dir='ltr'><strong>quoque</strong></span> 
     </span>
    </p>

    <p class='ocr_par' dir='ltr' id='par_1_10' title="bbox 9 1389 1184 1474">
     <span class='ocr_line' id='line_1_14' title="bbox 9 1389 1184 1474; baseline -0.002 -19"><span class='ocrx_word' id='word_1_96' title='bbox 9 1399 10 1422; x_wconf 47' lang='lat' dir='ltr'><strong>l</strong></span> <span class='ocrx_word' id='word_1_97' title='bbox 121 1411 239 1474; x_wconf 87' lang='lat' dir='ltr'><strong>pueros</strong></span> <span class='ocrx_word' id='word_1_98' title='bbox 263 1390 421 1474; x_wconf 88' lang='lat' dir='ltr'><strong>mitteret,</strong></span> <span class='ocrx_word' id='word_1_99' title='bbox 447 1390 503 1474; x_wconf 91' lang='lat' dir='ltr'><strong>qui</strong></span> <span class='ocrx_word' id='word_1_100' title='bbox 525 1389 619 1454; x_wconf 86' lang='lat' dir='ltr'><strong>uxori</strong></span> <span class='ocrx_word' id='word_1_101' title='bbox 642 1410 719 1455; x_wconf 86' lang='lat' dir='ltr'><strong>suae</strong></span> <span class='ocrx_word' id='word_1_102' title='bbox 740 1391 938 1456; x_wconf 89' lang='lat' dir='ltr'><strong>nuntiarent.</strong></span> <span class='ocrx_word' id='word_1_103' title='bbox 984 1389 1067 1456; x_wconf 83' lang='lat' dir='ltr'><strong>Sane</strong></span> <span class='ocrx_word' id='word_1_104' title='bbox 1089 1412 1131 1456; x_wconf 90' lang='lat' dir='ltr'><strong>ne</strong></span> <span class='ocrx_word' id='word_1_105' title='bbox 1148 1404 1184 1454; x_wconf 76' lang='lat'><strong>22</strong></span> 
     </span>
    </p>

    <p class='ocr_par' dir='ltr' id='par_1_11' title="bbox 9 1429 1130 1566">
     <span class='ocr_line' id='line_1_15' title="bbox 121 1477 1130 1563; baseline 0.002 -19.8"><span class='ocrx_word' id='word_1_106' title='bbox 121 1479 202 1544; x_wconf 89' lang='lat' dir='ltr'><strong>haec</strong></span> <span class='ocrx_word' id='word_1_107' title='bbox 225 1477 354 1562; x_wconf 88' lang='lat' dir='ltr'><strong>quidem</strong></span> <span class='ocrx_word' id='word_1_108' title='bbox 381 1499 433 1542; x_wconf 90' lang='lat' dir='ltr'><strong>res</strong></span> <span class='ocrx_word' id='word_1_109' title='bbox 461 1477 542 1542; x_wconf 90' lang='lat' dir='ltr'><strong>mihi</strong></span> <span class='ocrx_word' id='word_1_110' title='bbox 570 1477 735 1562; x_wconf 80' lang='lat' dir='ltr'><strong>placebat3</strong></span> <span class='ocrx_word' id='word_1_111' title='bbox 761 1499 865 1562; x_wconf 84' lang='lat' dir='ltr'><strong>neque</strong></span> <span class='ocrx_word' id='word_1_112' title='bbox 893 1485 1008 1563; x_wconf 81' lang='lat' dir='ltr'><strong>tamea,</strong></span> <span class='ocrx_word' id='word_1_113' title='bbox 1036 1483 1130 1546; x_wconf 87' lang='lat' dir='ltr'><strong>tanto</strong></span> 
     </span>
    </p>

    <p class='ocr_par' dir='ltr' id='par_1_12' title="bbox 9 1565 1131 1652">
     <span class='ocr_line' id='line_1_16' title="bbox 9 1565 1131 1652; baseline 0 -20"><span class='ocrx_word' id='word_1_114' title='bbox 9 1569 11 1640; x_wconf 63' lang='grc' dir='ltr'>ζ</span> <span class='ocrx_word' id='word_1_115' title='bbox 82 1591 109 1634; x_wconf 77' lang='lat' dir='ltr'><strong>rs</strong></span> <span class='ocrx_word' id='word_1_116' title='bbox 123 1588 219 1652; x_wconf 85' lang='lat' dir='ltr'><strong>opere</strong></span> <span class='ocrx_word' id='word_1_117' title='bbox 247 1565 325 1650; x_wconf 89' lang='lat' dir='ltr'><strong>quid</strong></span> <span class='ocrx_word' id='word_1_118' title='bbox 350 1565 386 1630; x_wconf 93' lang='lat' dir='ltr'><strong>in</strong></span> <span class='ocrx_word' id='word_1_119' title='bbox 411 1566 473 1631; x_wconf 92' lang='lat' dir='ltr'><strong>hac</strong></span> <span class='ocrx_word' id='word_1_120' title='bbox 501 1569 589 1630; x_wconf 88' lang='lat' dir='ltr'><strong>sorte</strong></span> <span class='ocrx_word' id='word_1_121' title='bbox 616 1565 824 1630; x_wconf 91' lang='lat' dir='ltr'><strong>metuendum</strong></span> <span class='ocrx_word' id='word_1_122' title='bbox 850 1566 933 1630; x_wconf 92' lang='lat' dir='ltr'><strong>mihi</strong></span> <span class='ocrx_word' id='word_1_123' title='bbox 960 1571 1057 1651; x_wconf 88' lang='lat' dir='ltr'><strong>esset,</strong></span> <span class='ocrx_word' id='word_1_124' title='bbox 1084 1568 1131 1632; x_wconf 90' lang='lat' dir='ltr'><strong>in-</strong></span> 
     </span>
    </p>

    <p class='ocr_par' dir='ltr' id='par_1_13' title="bbox 9 1645 1130 1746">
     <span class='ocr_line' id='line_1_17' title="bbox 121 1651 1130 1740; baseline 0 -21"><span class='ocrx_word' id='word_1_125' title='bbox 121 1655 329 1740; x_wconf 88' lang='lat' dir='ltr'><strong>tellegebam.</strong></span> <span class='ocrx_word' id='word_1_126' title='bbox 365 1651 475 1718; x_wconf 89' lang='lat' dir='ltr'><strong>Unum</strong></span> <span class='ocrx_word' id='word_1_127' title='bbox 496 1654 578 1718; x_wconf 90' lang='lat' dir='ltr'><strong>illud</strong></span> <span class='ocrx_word' id='word_1_128' title='bbox 602 1675 640 1717; x_wconf 83' lang='lat' dir='ltr'><strong>er</strong></span> <span class='ocrx_word' id='word_1_129' title='bbox 662 1653 848 1718; x_wconf 88' lang='lat' dir='ltr'><strong>hominibus</strong></span> <span class='ocrx_word' id='word_1_130' title='bbox 871 1654 977 1738; x_wconf 83' lang='lat' dir='ltr'><strong>cartis,</strong></span> <span class='ocrx_word' id='word_1_131' title='bbox 1000 1677 1039 1718; x_wconf 83' lang='lat' dir='ltr'><strong>ex</strong></span> <span class='ocrx_word' id='word_1_132' title='bbox 1062 1655 1130 1739; x_wconf 92' lang='lat' dir='ltr'><strong>qui-</strong></span> 
     </span>
    </p>

    <p class='ocr_par' dir='ltr' id='par_1_14' title="bbox 9 1741 1131 1826">
     <span class='ocr_line' id='line_1_18' title="bbox 74 1741 1131 1826; baseline -0.003 -17.174"><span class='ocrx_word' id='word_1_133' title='bbox 74 1777 76 1782; x_wconf 96' lang='lat'>·</span> <span class='ocrx_word' id='word_1_134' title='bbox 122 1745 183 1809; x_wconf 88' lang='lat' dir='ltr'><strong>bus</strong></span> <span class='ocrx_word' id='word_1_135' title='bbox 207 1742 315 1808; x_wconf 88' lang='lat' dir='ltr'><strong>omnia</strong></span> <span class='ocrx_word' id='word_1_136' title='bbox 338 1742 488 1826; x_wconf 88' lang='lat' dir='ltr'><strong>comperi,</strong></span> <span class='ocrx_word' id='word_1_137' title='bbox 510 1741 719 1825; x_wconf 83' lang='lat' dir='ltr'><strong>reperiebam,</strong></span> <span class='ocrx_word' id='word_1_138' title='bbox 741 1741 837 1805; x_wconf 86' lang='lat' dir='ltr'><strong>fiscos</strong></span> <span class='ocrx_word' id='word_1_139' title='bbox 856 1743 1038 1826; x_wconf 86' lang='lat' dir='ltr'><strong>complures</strong></span> <span class='ocrx_word' id='word_1_140' title='bbox 1057 1763 1131 1806; x_wconf 91' lang='lat' dir='ltr'><strong>cum</strong></span> 
     </span>
    </p>

    <p class='ocr_par' dir='ltr' id='par_1_15' title="bbox 9 1827 1130 1916">
     <span class='ocr_line' id='line_1_19' title="bbox 9 1827 1130 1916; baseline 0.002 -24"><span class='ocrx_word' id='word_1_141' title='bbox 9 1859 10 1892; x_wconf 83' lang='lat'>1</span> <span class='ocrx_word' id='word_1_142' title='bbox 121 1831 258 1916; x_wconf 87' lang='lat' dir='ltr'><strong>pecunia</strong></span> <span class='ocrx_word' id='word_1_143' title='bbox 294 1827 454 1895; x_wconf 81' lang='lat' dir='ltr'><strong>Siciliensi</strong></span> <span class='ocrx_word' id='word_1_144' title='bbox 493 1851 512 1894; x_wconf 91' lang='lat' dir='ltr'><strong>a</strong></span> <span class='ocrx_word' id='word_1_145' title='bbox 548 1829 688 1914; x_wconf 87' lang='lat' dir='ltr'><strong>quodam</strong></span> <span class='ocrx_word' id='word_1_146' title='bbox 724 1832 873 1894; x_wconf 83' lang='lat' dir='ltr'><strong>senatore</strong></span> <span class='ocrx_word' id='word_1_147' title='bbox 910 1828 951 1893; x_wconf 90' lang='lat' dir='ltr'><strong>ad</strong></span> <span class='ocrx_word' id='word_1_148' title='bbox 988 1829 1130 1912; x_wconf 88' lang='lat' dir='ltr'><strong>equitem</strong></span> 
     </span>
    </p>

    <p class='ocr_par' dir='ltr' id='par_1_16' title="bbox 9 1915 1131 2001">
     <span class='ocr_line' id='line_1_20' title="bbox 9 1915 1131 2001; baseline -0.003 -16"><span class='ocrx_word' id='word_1_149' title='bbox 9 1945 10 1984; x_wconf 77' lang='grc'>1</span> <span class='ocrx_word' id='word_1_150' title='bbox 121 1920 305 1985; x_wconf 88' lang='lat' dir='ltr'><strong>Romanum</strong></span> <span class='ocrx_word' id='word_1_151' title='bbox 333 1939 403 1983; x_wconf 87' lang='lat' dir='ltr'><strong>esse</strong></span> <span class='ocrx_word' id='word_1_152' title='bbox 428 1917 620 2001; x_wconf 88' lang='lat' dir='ltr'><strong>translatos;</strong></span> <span class='ocrx_word' id='word_1_153' title='bbox 647 1939 687 1981; x_wconf 86' lang='lat' dir='ltr'><strong>ex</strong></span> <span class='ocrx_word' id='word_1_154' title='bbox 715 1915 767 1981; x_wconf 92' lang='lat' dir='ltr'><strong>his</strong></span> <span class='ocrx_word' id='word_1_155' title='bbox 795 1916 889 2000; x_wconf 87' lang='lat' dir='ltr'><strong>quasi</strong></span> <span class='ocrx_word' id='word_1_156' title='bbox 911 1915 942 1980; x_wconf 93' lang='lat' dir='ltr'>X</span> <span class='ocrx_word' id='word_1_157' title='bbox 963 1918 1059 1982; x_wconf 86' lang='lat' dir='ltr'><strong>fiscos</strong></span> <span class='ocrx_word' id='word_1_158' title='bbox 1089 1916 1131 1982; x_wconf 91' lang='lat' dir='ltr'><strong>ad</strong></span> 
     </span>
    </p>

    <p class='ocr_par' dir='ltr' id='par_1_17' title="bbox 82 2004 1130 2179">
     <span class='ocr_line' id='line_1_21' title="bbox 82 2004 1130 2074; baseline -0.006 0"><span class='ocrx_word' id='word_1_159' title='bbox 82 2034 110 2074; x_wconf 83' lang='lat' dir='ltr'><strong>ro</strong></span> <span class='ocrx_word' id='word_1_160' title='bbox 122 2011 306 2073; x_wconf 89' lang='lat' dir='ltr'><strong>senatorem</strong></span> <span class='ocrx_word' id='word_1_161' title='bbox 341 2006 436 2070; x_wconf 92' lang='lat' dir='ltr'><strong>illum</strong></span> <span class='ocrx_word' id='word_1_162' title='bbox 472 2005 604 2071; x_wconf 89' lang='lat' dir='ltr'><strong>relictos</strong></span> <span class='ocrx_word' id='word_1_163' title='bbox 640 2025 711 2070; x_wconf 87' lang='lat' dir='ltr'><strong>esse</strong></span> <span class='ocrx_word' id='word_1_164' title='bbox 747 2004 952 2069; x_wconf 89' lang='lat' dir='ltr'><strong>comitiorum</strong></span> <span class='ocrx_word' id='word_1_165' title='bbox 983 2026 1130 2069; x_wconf 91' lang='lat' dir='ltr'><strong>meorum</strong></span> 
     </span>
     <span class='ocr_line' id='line_1_22' title="bbox 121 2091 1130 2179; baseline -0.005 -17"><span class='ocrx_word' id='word_1_166' title='bbox 121 2095 266 2179; x_wconf 88' lang='lat' dir='ltr'><strong>nomine;</strong></span> <span class='ocrx_word' id='word_1_167' title='bbox 299 2094 455 2160; x_wconf 85' lang='lat' dir='ltr'><strong>divisores</strong></span> <span class='ocrx_word' id='word_1_168' title='bbox 483 2094 627 2159; x_wconf 89' lang='lat' dir='ltr'><strong>omnium</strong></span> <span class='ocrx_word' id='word_1_169' title='bbox 654 2093 800 2157; x_wconf 89' lang='lat' dir='ltr'><strong>tribuum</strong></span> <span class='ocrx_word' id='word_1_170' title='bbox 826 2096 925 2157; x_wconf 88' lang='lat' dir='ltr'><strong>noctu</strong></span> <span class='ocrx_word' id='word_1_171' title='bbox 956 2091 998 2157; x_wconf 87' lang='lat' dir='ltr'><strong>ad</strong></span> <span class='ocrx_word' id='word_1_172' title='bbox 1028 2091 1130 2157; x_wconf 91' lang='lat' dir='ltr'><strong>istum</strong></span> 
     </span>
    </p>

    <p class='ocr_par' dir='ltr' id='par_1_18' title="bbox 9 2180 1183 2443">
     <span class='ocr_line' id='line_1_23' title="bbox 9 2180 1183 2266; baseline -0.011 -14"><span class='ocrx_word' id='word_1_173' title='bbox 9 2221 10 2252; x_wconf 60' lang='grc'>1</span> <span class='ocrx_word' id='word_1_174' title='bbox 121 2187 264 2250; x_wconf 84' lang='lat' dir='ltr'><strong>vocatos.</strong></span> <span class='ocrx_word' id='word_1_175' title='bbox 298 2183 350 2247; x_wconf 81' lang='lat' dir='ltr'><strong>Ex</strong></span> <span class='ocrx_word' id='word_1_176' title='bbox 373 2181 491 2266; x_wconf 90' lang='lat' dir='ltr'><strong>quibus</strong></span> <span class='ocrx_word' id='word_1_177' title='bbox 514 2181 653 2265; x_wconf 87' lang='lat' dir='ltr'><strong>quidam,</strong></span> <span class='ocrx_word' id='word_1_178' title='bbox 676 2181 732 2264; x_wconf 92' lang='lat' dir='ltr'><strong>qui</strong></span> <span class='ocrx_word' id='word_1_179' title='bbox 755 2201 789 2246; x_wconf 88' lang='lat' dir='ltr'><strong>se</strong></span> <span class='ocrx_word' id='word_1_180' title='bbox 813 2180 921 2246; x_wconf 88' lang='lat' dir='ltr'><strong>omnia</strong></span> <span class='ocrx_word' id='word_1_181' title='bbox 941 2202 1014 2246; x_wconf 88' lang='lat' dir='ltr'><strong>mea</strong></span> <span class='ocrx_word' id='word_1_182' title='bbox 1031 2202 1130 2246; x_wconf 85' lang='lat' dir='ltr'><strong>causa</strong></span> <span class='ocrx_word' id='word_1_183' title='bbox 1148 2192 1183 2240; x_wconf 75' lang='lat' dir='ltr'><strong>aa</strong></span> 
     </span>
     <span class='ocr_line' id='line_1_24' title="bbox 123 2268 1130 2353; baseline -0.005 -16"><span class='ocrx_word' id='word_1_184' title='bbox 123 2273 239 2337; x_wconf 88' lang='lat' dir='ltr'><strong>debere</strong></span> <span class='ocrx_word' id='word_1_185' title='bbox 267 2270 504 2352; x_wconf 86' lang='lat' dir='ltr'><strong>arbitrabatur,</strong></span> <span class='ocrx_word' id='word_1_186' title='bbox 535 2269 649 2350; x_wconf 50' lang='lat' dir='ltr'><strong>eadem¹</strong></span> <span class='ocrx_word' id='word_1_187' title='bbox 674 2269 733 2334; x_wconf 87' lang='lat' dir='ltr'><strong>illa</strong></span> <span class='ocrx_word' id='word_1_188' title='bbox 759 2272 854 2333; x_wconf 86' lang='lat' dir='ltr'><strong>noete</strong></span> <span class='ocrx_word' id='word_1_189' title='bbox 882 2268 923 2333; x_wconf 90' lang='lat' dir='ltr'><strong>ad</strong></span> <span class='ocrx_word' id='word_1_190' title='bbox 949 2291 1001 2334; x_wconf 92' lang='lat' dir='ltr'><strong>me</strong></span> <span class='ocrx_word' id='word_1_191' title='bbox 1028 2269 1130 2353; x_wconf 80' lang='lat' dir='ltr'><strong>venit3</strong></span> 
     </span>
     <span class='ocr_line' id='line_1_25' title="bbox 123 2357 1130 2443; baseline -0.003 -17"><span class='ocrx_word' id='word_1_192' title='bbox 123 2361 338 2443; x_wconf 88' lang='lat' dir='ltr'><strong>demonstrat,</strong></span> <span class='ocrx_word' id='word_1_193' title='bbox 366 2379 431 2442; x_wconf 86' lang='lat' dir='ltr'><strong>qua</strong></span> <span class='ocrx_word' id='word_1_194' title='bbox 456 2357 519 2421; x_wconf 89' lang='lat' dir='ltr'><strong>iste</strong></span> <span class='ocrx_word' id='word_1_195' title='bbox 542 2357 689 2422; x_wconf 88' lang='lat' dir='ltr'><strong>oratione</strong></span> <span class='ocrx_word' id='word_1_196' title='bbox 711 2378 788 2422; x_wconf 88' lang='lat' dir='ltr'><strong>usus</strong></span> <span class='ocrx_word' id='word_1_197' title='bbox 812 2360 911 2441; x_wconf 80' lang='lat' dir='ltr'><strong>esset3</strong></span> <span class='ocrx_word' id='word_1_198' title='bbox 939 2379 1130 2423; x_wconf 89' lang='lat' dir='ltr'><strong>commemo-</strong></span> 
     </span>
    </p>

    <p class='ocr_par' dir='ltr' id='par_1_19' title="bbox 83 2443 1130 2531">
     <span class='ocr_line' id='line_1_26' title="bbox 83 2443 1130 2531; baseline -0.007 -14"><span class='ocrx_word' id='word_1_199' title='bbox 83 2473 109 2517; x_wconf 77' lang='lat' dir='ltr'><strong>ro</strong></span> <span class='ocrx_word' id='word_1_200' title='bbox 122 2470 212 2514; x_wconf 89' lang='lat' dir='ltr'><strong>rasse</strong></span> <span class='ocrx_word' id='word_1_201' title='bbox 239 2447 352 2531; x_wconf 89' lang='lat' dir='ltr'><strong>istum,</strong></span> <span class='ocrx_word' id='word_1_202' title='bbox 385 2467 482 2530; x_wconf 89' lang='lat' dir='ltr'><strong>quam</strong></span> <span class='ocrx_word' id='word_1_203' title='bbox 510 2443 690 2509; x_wconf 90' lang='lat' dir='ltr'><strong>liberaliter</strong></span> <span class='ocrx_word' id='word_1_204' title='bbox 717 2467 771 2509; x_wconf 86' lang='lat' dir='ltr'><strong>eos</strong></span> <span class='ocrx_word' id='word_1_205' title='bbox 799 2448 974 2510; x_wconf 80' lang='lat' dir='ltr'><strong>tractasset</strong></span> <span class='ocrx_word' id='word_1_206' title='bbox 1002 2449 1035 2510; x_wconf 88' lang='lat' dir='ltr'><strong>et</strong></span> <span class='ocrx_word' id='word_1_207' title='bbox 1063 2445 1130 2510; x_wconf 87' lang='lat' dir='ltr'><strong>iam</strong></span> 
     </span>
    </p>

    <p class='ocr_par' dir='ltr' id='par_1_20' title="bbox 9 2532 1132 2620">
     <span class='ocr_line' id='line_1_27' title="bbox 9 2532 1132 2620; baseline -0.007 -14"><span class='ocrx_word' id='word_1_208' title='bbox 9 2579 10 2606; x_wconf 67' lang='grc'>1</span> <span class='ocrx_word' id='word_1_209' title='bbox 123 2540 228 2619; x_wconf 86' lang='lat' dir='ltr'><strong>antea,</strong></span> <span class='ocrx_word' id='word_1_210' title='bbox 251 2535 416 2620; x_wconf 87' lang='lat' dir='ltr'><strong>cumipse</strong></span> <span class='ocrx_word' id='word_1_211' title='bbox 438 2536 624 2618; x_wconf 88' lang='lat' dir='ltr'><strong>praeturam</strong></span> <span class='ocrx_word' id='word_1_212' title='bbox 648 2532 793 2616; x_wconf 87' lang='lat' dir='ltr'><strong>petisset,</strong></span> <span class='ocrx_word' id='word_1_213' title='bbox 816 2536 849 2596; x_wconf 91' lang='lat' dir='ltr'><strong>et</strong></span> <span class='ocrx_word' id='word_1_214' title='bbox 870 2533 1038 2617; x_wconf 85' lang='lat' dir='ltr'><strong>proxumis</strong></span> <span class='ocrx_word' id='word_1_215' title='bbox 1059 2554 1132 2598; x_wconf 90' lang='lat' dir='ltr'><strong>oon·</strong></span> 
     </span>
    </p>

    <p class='ocr_par' dir='ltr' id='par_1_21' title="bbox 9 2620 1172 2882">
     <span class='ocr_line' id='line_1_28' title="bbox 9 2620 1130 2708; baseline -0.001 -22"><span class='ocrx_word' id='word_1_216' title='bbox 9 2665 11 2686; x_wconf 75' lang='grc'><strong>,</strong></span> <span class='ocrx_word' id='word_1_217' title='bbox 123 2623 285 2689; x_wconf 89' lang='lat' dir='ltr'><strong>sularibus</strong></span> <span class='ocrx_word' id='word_1_218' title='bbox 307 2621 544 2708; x_wconf 88' lang='lat' dir='ltr'><strong>praetoriisque</strong></span> <span class='ocrx_word' id='word_1_219' title='bbox 567 2621 721 2704; x_wconf 85' lang='lat' dir='ltr'><strong>comitiis;</strong></span> <span class='ocrx_word' id='word_1_220' title='bbox 748 2620 862 2684; x_wconf 89' lang='lat' dir='ltr'><strong>deinde</strong></span> <span class='ocrx_word' id='word_1_221' title='bbox 885 2621 1037 2687; x_wconf 84' lang='lat' dir='ltr'><strong>continuo</strong></span> <span class='ocrx_word' id='word_1_222' title='bbox 1061 2643 1130 2686; x_wconf 87' lang='lat' dir='ltr'><strong>esse</strong></span> 
     </span>
     <span class='ocr_line' id='line_1_29' title="bbox 121 2707 1131 2798; baseline -0.005 -21"><span class='ocrx_word' id='word_1_223' title='bbox 121 2711 315 2798; x_wconf 88' lang='lat' dir='ltr'><strong>pollicitum,</strong></span> <span class='ocrx_word' id='word_1_224' title='bbox 333 2714 490 2794; x_wconf 87' lang='lat' dir='ltr'><strong>quantam</strong></span> <span class='ocrx_word' id='word_1_225' title='bbox 507 2708 630 2773; x_wconf 84' lang='lat' dir='ltr'><strong>vellent</strong></span> <span class='ocrx_word' id='word_1_226' title='bbox 647 2708 825 2794; x_wconf 88' lang='lat' dir='ltr'><strong>pecuniam,</strong></span> <span class='ocrx_word' id='word_1_227' title='bbox 847 2707 876 2773; x_wconf 88' lang='lat' dir='ltr'><strong>si</strong></span> <span class='ocrx_word' id='word_1_228' title='bbox 893 2731 945 2773; x_wconf 91' lang='lat' dir='ltr'><strong>me</strong></span> <span class='ocrx_word' id='word_1_229' title='bbox 964 2709 1131 2774; x_wconf 89' lang='lat' dir='ltr'><strong>aedilitate</strong></span> 
     </span>
     <span class='ocr_line' id='line_1_30' title="bbox 123 2797 1172 2882; baseline -0.005 -17"><span class='ocrx_word' id='word_1_230' title='bbox 123 2799 321 2866; x_wconf 87' lang='lat' dir='ltr'><strong>deiecissent.</strong></span> <span class='ocrx_word' id='word_1_231' title='bbox 367 2798 430 2863; x_wconf 91' lang='lat' dir='ltr'><strong>Hic</strong></span> <span class='ocrx_word' id='word_1_232' title='bbox 458 2797 540 2862; x_wconf 92' lang='lat' dir='ltr'><strong>alios</strong></span> <span class='ocrx_word' id='word_1_233' title='bbox 566 2817 704 2882; x_wconf 80' lang='lat' dir='ltr'><strong>negasse</strong></span> <span class='ocrx_word' id='word_1_234' title='bbox 732 2797 862 2879; x_wconf 90' lang='lat' dir='ltr'><strong>audere,</strong></span> <span class='ocrx_word' id='word_1_235' title='bbox 890 2797 972 2860; x_wconf 91' lang='lat' dir='ltr'><strong>alios</strong></span> <span class='ocrx_word' id='word_1_236' title='bbox 1000 2817 1131 2879; x_wconf 89' lang='lat' dir='ltr'><strong>respon·</strong></span> <span class='ocrx_word' id='word_1_237' title='bbox 1166 2845 1172 2860; x_wconf 81' lang='grc'>.</span> 
     </span>
    </p>

    <p class='ocr_par' dir='ltr' id='par_1_22' title="bbox 83 2884 1181 3326">
     <span class='ocr_line' id='line_1_31' title="bbox 83 2884 1132 2971; baseline -0.009 -16"><span class='ocrx_word' id='word_1_238' title='bbox 83 2915 110 2956; x_wconf 82' lang='grc'><strong>11</strong></span> <span class='ocrx_word' id='word_1_239' title='bbox 124 2889 209 2953; x_wconf 89' lang='lat' dir='ltr'><strong>disse</strong></span> <span class='ocrx_word' id='word_1_240' title='bbox 240 2909 305 2952; x_wconf 91' lang='lat' dir='ltr'><strong>non</strong></span> <span class='ocrx_word' id='word_1_241' title='bbox 337 2889 452 2971; x_wconf 90' lang='lat' dir='ltr'><strong>putare</strong></span> <span class='ocrx_word' id='word_1_242' title='bbox 481 2885 515 2949; x_wconf 91' lang='lat' dir='ltr'><strong>id</strong></span> <span class='ocrx_word' id='word_1_243' title='bbox 545 2884 656 2969; x_wconf 88' lang='lat' dir='ltr'><strong>perfici</strong></span> <span class='ocrx_word' id='word_1_244' title='bbox 687 2905 796 2969; x_wconf 77' lang='lat' dir='ltr'><strong>posse3</strong></span> <span class='ocrx_word' id='word_1_245' title='bbox 826 2884 994 2948; x_wconf 83' lang='lat' dir='ltr'><strong>inventum</strong></span> <span class='ocrx_word' id='word_1_246' title='bbox 1021 2887 1132 2957; x_wconf 80' lang='lat' dir='ltr'><strong>tamen</strong></span> 
     </span>
     <span class='ocr_line' id='line_1_32' title="bbox 123 2969 1132 3055; baseline -0.008 -13"><span class='ocrx_word' id='word_1_247' title='bbox 123 2999 193 3042; x_wconf 88' lang='lat' dir='ltr'><strong>esse</strong></span> <span class='ocrx_word' id='word_1_248' title='bbox 224 2976 344 3041; x_wconf 90' lang='lat' dir='ltr'><strong>fortem</strong></span> <span class='ocrx_word' id='word_1_249' title='bbox 376 2974 515 3039; x_wconf 84' lang='lat' dir='ltr'><strong>amicum</strong></span> <span class='ocrx_word' id='word_1_250' title='bbox 547 2993 587 3036; x_wconf 85' lang='lat' dir='ltr'><strong>ex</strong></span> <span class='ocrx_word' id='word_1_251' title='bbox 618 2973 729 3038; x_wconf 88' lang='lat' dir='ltr'><strong>eadem</strong></span> <span class='ocrx_word' id='word_1_252' title='bbox 759 2971 899 3055; x_wconf 83' lang='lat' dir='ltr'><strong>familia,</strong></span> <span class='ocrx_word' id='word_1_253' title='bbox 930 2969 966 3045; x_wconf 81' lang='lat' dir='ltr'><strong>Q.</strong></span> <span class='ocrx_word' id='word_1_254' title='bbox 994 2969 1132 3035; x_wconf 89' lang='lat' dir='ltr'><strong>Verrem</strong></span> 
     </span>
     <span class='ocr_line' id='line_1_33' title="bbox 122 3056 1181 3147; baseline -0.009 -17"><span class='ocrx_word' id='word_1_255' title='bbox 122 3063 275 3146; x_wconf 86' lang='lat' dir='ltr'><strong>Romilia,</strong></span> <span class='ocrx_word' id='word_1_256' title='bbox 297 3085 337 3127; x_wconf 86' lang='lat' dir='ltr'><strong>ex</strong></span> <span class='ocrx_word' id='word_1_257' title='bbox 359 3063 484 3147; x_wconf 87' lang='lat' dir='ltr'><strong>optima</strong></span> <span class='ocrx_word' id='word_1_258' title='bbox 506 3061 684 3126; x_wconf 83' lang='lat' dir='ltr'><strong>divisorum</strong></span> <span class='ocrx_word' id='word_1_259' title='bbox 707 3059 885 3144; x_wconf 90' lang='lat' dir='ltr'><strong>disciplina,</strong></span> <span class='ocrx_word' id='word_1_260' title='bbox 907 3056 1012 3143; x_wconf 86' lang='lat' dir='ltr'><strong>patris</strong></span> <span class='ocrx_word' id='word_1_261' title='bbox 1035 3057 1132 3122; x_wconf 85' lang='lat' dir='ltr'><strong>istius</strong></span> <span class='ocrx_word' id='word_1_262' title='bbox 1177 3067 1181 3075; x_wconf 91' lang='grc'><strong>“</strong></span> 
     </span>
     <span class='ocr_line' id='line_1_34' title="bbox 122 3145 1132 3236; baseline -0.009 -19"><span class='ocrx_word' id='word_1_263' title='bbox 122 3151 316 3236; x_wconf 86' lang='lat' dir='ltr'><strong>discipulum</strong></span> <span class='ocrx_word' id='word_1_264' title='bbox 339 3154 436 3234; x_wconf 90' lang='lat' dir='ltr'><strong>atque</strong></span> <span class='ocrx_word' id='word_1_265' title='bbox 459 3149 607 3233; x_wconf 86' lang='lat' dir='ltr'><strong>amicum,</strong></span> <span class='ocrx_word' id='word_1_266' title='bbox 631 3149 686 3233; x_wconf 87' lang='lat' dir='ltr'><strong>qui</strong></span> <span class='ocrx_word' id='word_1_267' title='bbox 708 3145 764 3212; x_wconf 82' lang='lat' dir='ltr'><strong>HS</strong></span> <span class='ocrx_word' id='word_1_268' title='bbox 788 3145 974 3231; x_wconf 89' lang='lat' dir='ltr'><strong>quingentis</strong></span> <span class='ocrx_word' id='word_1_269' title='bbox 998 3145 1132 3209; x_wconf 87' lang='lat' dir='ltr'><strong>milibus</strong></span> 
     </span>
     <span class='ocr_line' id='line_1_35' title="bbox 123 3233 1133 3326; baseline -0.008 -20"><span class='ocrx_word' id='word_1_270' title='bbox 123 3240 279 3326; x_wconf 88' lang='lat' dir='ltr'><strong>depositis</strong></span> <span class='ocrx_word' id='word_1_271' title='bbox 301 3238 336 3303; x_wconf 90' lang='lat' dir='ltr'><strong>id</strong></span> <span class='ocrx_word' id='word_1_272' title='bbox 358 3260 393 3304; x_wconf 89' lang='lat' dir='ltr'><strong>se</strong></span> <span class='ocrx_word' id='word_1_273' title='bbox 415 3237 634 3322; x_wconf 87' lang='lat' dir='ltr'><strong>perfecturum</strong></span> <span class='ocrx_word' id='word_1_274' title='bbox 651 3236 867 3321; x_wconf 88' lang='lat' dir='ltr'><strong>polliceretur,</strong></span> <span class='ocrx_word' id='word_1_275' title='bbox 890 3237 923 3298; x_wconf 91' lang='lat' dir='ltr'><strong>et</strong></span> <span class='ocrx_word' id='word_1_276' title='bbox 941 3233 1042 3297; x_wconf 84' lang='lat' dir='ltr'><strong>fuisse</strong></span> <span class='ocrx_word' id='word_1_277' title='bbox 1061 3236 1133 3298; x_wconf 89' lang='lat' dir='ltr'><strong>tum</strong></span> 
     </span>
    </p>

    <p class='ocr_par' dir='ltr' id='par_1_23' title="bbox 84 3319 1132 3658">
     <span class='ocr_line' id='line_1_36' title="bbox 84 3319 1132 3410; baseline -0.01 -15"><span class='ocrx_word' id='word_1_278' title='bbox 84 3349 189 3395; x_wconf 73' lang='lat' dir='ltr'><strong>arnon</strong></span> <span class='ocrx_word' id='word_1_279' title='bbox 215 3327 337 3410; x_wconf 88' lang='lat' dir='ltr'><strong>nullos,</strong></span> <span class='ocrx_word' id='word_1_280' title='bbox 365 3327 421 3410; x_wconf 91' lang='lat' dir='ltr'><strong>qui</strong></span> <span class='ocrx_word' id='word_1_281' title='bbox 444 3347 478 3390; x_wconf 87' lang='lat' dir='ltr'><strong>se</strong></span> <span class='ocrx_word' id='word_1_282' title='bbox 501 3347 566 3390; x_wconf 91' lang='lat' dir='ltr'><strong>una</strong></span> <span class='ocrx_word' id='word_1_283' title='bbox 587 3324 731 3389; x_wconf 84' lang='lat' dir='ltr'><strong>facturos</strong></span> <span class='ocrx_word' id='word_1_284' title='bbox 755 3343 824 3386; x_wconf 86' lang='lat' dir='ltr'><strong>esse</strong></span> <span class='ocrx_word' id='word_1_285' title='bbox 848 3321 998 3387; x_wconf 87' lang='lat' dir='ltr'><strong>dicerent.</strong></span> <span class='ocrx_word' id='word_1_286' title='bbox 1044 3319 1132 3396; x_wconf 81' lang='lat' dir='ltr'><strong>Quae</strong></span> 
     </span>
     <span class='ocr_line' id='line_1_37' title="bbox 123 3409 1132 3499; baseline -0.011 -16"><span class='ocrx_word' id='word_1_287' title='bbox 123 3437 196 3483; x_wconf 87' lang='lat' dir='ltr'><strong>cum</strong></span> <span class='ocrx_word' id='word_1_288' title='bbox 222 3416 271 3480; x_wconf 87' lang='lat' dir='ltr'><strong>ita</strong></span> <span class='ocrx_word' id='word_1_289' title='bbox 299 3418 419 3499; x_wconf 88' lang='lat' dir='ltr'><strong>essent,</strong></span> <span class='ocrx_word' id='word_1_290' title='bbox 448 3435 525 3479; x_wconf 87' lang='lat' dir='ltr'><strong>sane</strong></span> <span class='ocrx_word' id='word_1_291' title='bbox 551 3412 702 3477; x_wconf 90' lang='lat' dir='ltr'><strong>benivolo</strong></span> <span class='ocrx_word' id='word_1_292' title='bbox 726 3409 834 3475; x_wconf 89' lang='lat' dir='ltr'><strong>animo</strong></span> <span class='ocrx_word' id='word_1_293' title='bbox 860 3431 925 3493; x_wconf 87' lang='lat' dir='ltr'><strong>me,</strong></span> <span class='ocrx_word' id='word_1_294' title='bbox 952 3412 989 3474; x_wconf 92' lang='lat' dir='ltr'><strong>ut</strong></span> <span class='ocrx_word' id='word_1_295' title='bbox 1012 3429 1132 3496; x_wconf 89' lang='lat' dir='ltr'><strong>magno</strong></span> 
     </span>
     <span class='ocr_line' id='line_1_38' title="bbox 124 3499 667 3590; baseline -0.013 -20"><span class='ocrx_word' id='word_1_296' title='bbox 124 3527 220 3590; x_wconf 88' lang='lat' dir='ltr'><strong>opere</strong></span> <span class='ocrx_word' id='word_1_297' title='bbox 243 3525 403 3588; x_wconf 85' lang='lat' dir='ltr'><strong>caverem,</strong></span> <span class='ocrx_word' id='word_1_298' title='bbox 425 3499 667 3588; x_wconf 89' lang='lat' dir='ltr'><strong>praemonebat.</strong></span> 
     </span>
     <span class='ocr_line' id='line_1_39' title="bbox 176 3605 918 3658; baseline -0.004 -1"><span class='ocrx_word' id='word_1_299' title='bbox 176 3615 231 3657; x_wconf 74' lang='lat'>010,</span> <span class='ocrx_word' id='word_1_300' title='bbox 245 3617 277 3656; x_wconf 89' lang='lat'><strong>11.</strong></span> <span class='ocrx_word' id='word_1_301' title='bbox 291 3619 310 3658; x_wconf 75' lang='lat' dir='ltr'><strong>a</strong></span> <span class='ocrx_word' id='word_1_302' title='bbox 902 3605 918 3654; x_wconf 83' lang='lat'>9</span> 
     </span>
    </p>
   </div>
   <div class='ocr_carea' id='block_1_3' title="bbox 0 0 1317 3880">
    <p class='ocr_par' dir='ltr' id='par_1_24' title="bbox 0 0 1317 3880">
     <span class='ocr_line' id='line_1_40' title="bbox 0 0 1317 3880; baseline 0 0"><span class='ocrx_word' id='word_1_303' title='bbox 0 0 1317 3880; x_wconf 95' lang='lat' dir='ltr'><strong> </strong></span> 
     </span>
    </p>
   </div>
  </div>
 </body>
</html>
