2604 3880
342 190 411 246 ΜΒ,
430 191 444 244 1
489 189 690 246 OAP.4e-51
711 197 726 257 s
746 197 892 247 rae-1³4.
1060 191 1123 257 189

109 335 240 402 Iunium
266 334 375 421 ipsum
403 340 568 400 mortuum
596 357 667 400 esse
698 336 836 420 sciebat,
869 337 951 402 scire
982 337 1124 421 volebat,

110 425 152 490 ad
185 446 281 509 quern
311 424 371 489 illa
402 446 453 488 res
485 423 672 509 pertineret.
726 424 829 489 Audit
860 425 1021 510 pupillum
1053 446 1124 490 esse

109 512 223 577 filium.
264 511 384 592 Homo,
407 512 463 596 qui
486 533 613 596 semper
636 513 684 576 ita
705 513 816 598 palam
840 512 1037 596 dictitasset,
1064 536 1124 599 pu·

110 601 210 686 pillos
233 605 267 666 et
289 600 432 685 pupillas
456 600 672 666 certissimam
695 601 849 687 praedam
873 623 943 666 esse
966 602 1124 688 praetori-

84 689 186 773 ebus,
218 693 368 774 optatum
395 689 564 774 negotium
592 688 656 753 sibi
682 688 717 752 in
745 689 852 754 sinum
879 689 1024 754 delatum
1054 711 1124 756 esse

112 777 247 843 dicebat.
301 775 549 842 Monumentum
579 777 639 841 illa
670 777 897 862 amplitudine,
931 778 991 843 illo
1028 799 1124 864 opere

112 865 261 950 quamvis
295 869 421 930 sartum
456 869 579 932 tectum
615 865 843 951 integrumque
879 870 978 949 esset,
1013 870 1125 931 tamen

112 953 236 1038 aliquid
268 975 303 1019 se
338 954 560 1037 inventurum,
595 954 630 1018 in
667 975 730 1037 quc
767 953 877 1018 moliri
912 955 1124 1039 praedarique

112 1046 234 1127 posset,
252 1042 483 1107 arbitrabatur.
514 1042 550 1106 L.
559 1041 712 1107 Habonio
734 1041 845 1107 aedem
860 1040 1006 1108 Castoris
1020 1043 1107 1107 tradi
1127 1061 1177 1110 132

73 1148 99 1188 ιο
114 1128 296 1215 oportebat.
336 1129 369 1194 Is
388 1152 465 1196 casu
488 1130 606 1215 pupilli
624 1129 697 1194 Iuni
718 1133 810 1194 tutor
832 1134 904 1196 erat
925 1134 1124 1196 testamento

112 1218 227 1303 patris.
277 1217 358 1284 Cum
388 1240 426 1284 eo
457 1218 527 1283 sine
557 1219 626 1284 ullo
657 1218 898 1283 intertrimento
930 1224 1125 1285 convenerat

112 1306 180 1372 iarn
207 1328 303 1391 quem
330 1306 372 1372 ad
399 1306 530 1372 modum
558 1306 749 1371 traderetur.
794 1305 862 1372 Iste
891 1308 932 1372 ad
960 1329 994 1372 se
1017 1307 1125 1372 Habo-

112 1394 204 1460 nium
226 1398 335 1478 vocat3
358 1395 493 1479 quaerit,
516 1395 630 1478 ecquid
653 1395 706 1479 sit,
729 1396 815 1479 quod
839 1418 858 1460 a
879 1395 1004 1480 pupillo
1026 1397 1126 1461 tradi·

1 1527 2 1532 κ
112 1486 184 1548 tum
211 1505 277 1548 non
305 1483 361 1566 sit,
390 1483 475 1568 quod
499 1482 585 1568 exigi
608 1482 733 1548 debeat.
779 1481 861 1548 Cum
883 1484 953 1568 ille,
982 1484 1016 1548 id
1039 1485 1126 1568 quod

1 1597 2 1602 ¹
73 1589 99 1630 1⁵
113 1575 198 1653 erat,
226 1571 347 1637 diceret
373 1571 505 1636 facilem
531 1571 657 1656 pupillo
685 1571 896 1636 traditionem
919 1593 1002 1656 esse,
1030 1572 1135 1658 signa

1 1671 2 1674 ’
113 1664 147 1724 et
170 1660 254 1726 dona
272 1680 459 1744 comparere
478 1659 596 1744 omnia,
617 1659 725 1743 ipsum
743 1660 903 1743 templum
922 1659 1011 1724 omni
1028 1682 1126 1745 opere

113 1770 184 1813 esse
210 1748 389 1833 integrum,
417 1746 588 1833 indignum
614 1747 672 1810 isti
698 1746 801 1812 videri
828 1747 934 1832 coepit
962 1769 1000 1813 ex
1032 1751 1126 1813 tanta

114 1837 192 1902 aede
200 1839 358 1921 tantoque
372 1857 468 1921 opere
486 1843 600 1900 senon
614 1835 758 1919 opimum
771 1835 900 1919 pracda,
913 1837 1107 1920 praesertim

114 1925 295 2010 apupillo,
323 1925 494 1990 discedere.
538 1922 639 1987 Venit
665 1923 735 2008 ipsc
758 1922 793 1986 in
815 1923 927 1988 aedem
951 1921 1108 2008 Castoris,

74 2031 100 2070 20
115 2013 298 2078 considerat
310 2014 484 2098 templum3
498 2012 587 2077 videt
601 2011 740 2095 undique
755 2015 877 2076 tectum
890 2011 1107 2095 pulcherrime

114 2102 312 2186 laqueatum,
334 2106 503 2186 praeterea
525 2104 634 2165 cetera
655 2120 742 2164 nova
765 2104 862 2183 atque
880 2099 1018 2186 integra.
1047 2098 1126 2165 Ver-

115 2193 169 2254 sat
194 2211 242 2273 se,
270 2191 411 2274 quaerit,
441 2188 518 2273 quid
545 2192 633 2274 agat
678 2187 767 2252 Dicit
790 2187 820 2252 ei
843 2187 974 2272 quidam
997 2210 1036 2253 ex
1058 2188 1126 2253 illis

115 2277 258 2362 canibus,
280 2299 361 2362 quos
383 2278 447 2342 iste
464 2275 579 2363 Liguri
601 2276 728 2340 dixerat
746 2297 816 2341 esse
834 2276 919 2342 circa
937 2299 972 2341 se
990 2278 1126 2344 multos:

116 2365 186 2450 ‘Tu
208 2365 340 2449 Verres,
370 2365 424 2431 hie
447 2365 533 2449 quod
556 2365 705 2447 moliare,
727 2386 795 2430 non
816 2363 932 2448 habes,
953 2364 1019 2430 nisi
1039 2366 1126 2432 forte

74 2470 101 2512 2⁵
115 2454 165 2520 vis
180 2453 221 2519 ad
234 2453 497 2539 perpendiculum
510 2454 676 2518 columnas
686 2451 834 2538 exigere?
862 2452 970 2518 Homo
981 2454 1126 2519 omnium

114 2564 223 2607 rerum
245 2541 415 2627 imperitus
440 2541 576 2626 quaerit,
599 2540 677 2625 quid
700 2541 743 2605 sit
767 2539 819 2606 ‘ad
840 2542 1126 2627 perpendiculum’.

114 2630 236 2696 Dicunt
263 2630 293 2695 ei
318 2630 387 2694 fere
414 2630 540 2694 nullam
568 2651 638 2693 esse
661 2630 857 2712 columnam,
886 2651 968 2713 quae
991 2631 1033 2695 ad
1054 2652 1126 2714 per-

115 2718 321 2804 pendiculum
340 2740 409 2783 esse
432 2718 545 2802 possit.
582 2715 680 2782 ‘Nam
703 2716 907 2818 mebercule',
929 2718 1044 2818 inquit,
1068 2717 1127 2833 ‘sip

75 2804 1179 2978 ,bill-⁸132,⁰}llml230m²‘¹n0„l{l}'{llullmeglffll1³4

116 3006 171 3048 rus
201 2987 330 3048 tantum
357 2982 581 3048 columnarum
607 2981 762 3063 traditur,
793 2980 1014 3066 perpendiculi
1040 3001 1127 3045 men·

115 3072 163 3137 tio
194 3071 233 3136 fit
261 3071 365 3154 nulla,
398 3074 432 3135 et
464 3069 520 3154 qui
550 3091 617 3134 uon
645 3073 777 3153 putaret
809 3068 872 3133 sibi
904 3067 1053 3152 expedire
1079 3067 1127 3131 ita

114 3157 856 3331 lillis?eb⁶a⁶⁰dlladlltrllll²lll3
892 3159 990 3307 lt}
1017 3159 1128 3309 litt

75 3355 102 3394 ω
115 3337 206 3401 nium
234 3297 402 3419 quiescere
423 3334 515 3399 iubet
543 3337 576 3398 et
608 3333 705 3398 simul
737 3332 768 3396 oi
798 3354 866 3397 non
886 3332 1013 3397 nullam
1036 3353 1127 3417 spem

116 3423 282 3491 societatis
315 3422 470 3506 ostendit3
506 3421 672 3486 hominem
705 3419 887 3485 modestum
925 3424 958 3484 et
994 3420 1127 3485 minime

115 3513 314 3599 pertinacem
336 3511 432 3578 facile
455 3513 593 3589 cotrcet3
620 3510 787 3574 columnas
809 3508 858 3574 ita
881 3530 916 3574 re
939 3513 1127 3575 exacturum

1128 1976 1177 2025 133
