2604 3880
185 190 250 254 130
421 186 460 240 IN
480 185 508 241 O.
528 185 683 241 VERREM
700 183 809 239 ACTIO
827 183 952 239 PRIMA.

128 289 164 416 ἃ
250 331 457 398 Sollicitabar
475 331 571 396 rebus
590 329 740 396 maximis
760 351 825 394 uno
844 333 942 414 utque
960 350 998 394 co
1016 329 1194 415 perexiguo

183 426 338 506 tempore.
377 419 548 506 Urgebant
572 418 713 499 comitia,
736 421 769 482 et
791 418 826 482 in
847 416 900 482 his
921 417 1002 502 ipsis
1027 439 1194 504 oppugna·

183 511 243 574 bar
278 508 392 594 pandi
427 507 577 592 pecunia3
612 507 758 570 instabat
795 505 962 589 iudicium,
998 506 1029 571 ei
1065 527 1193 590 quoque

182 593 1219 769 ttttttttttttttttutttttttssttutte}⁵

560 734 570 766 7

182 775 256 856 bar;
283 772 434 856 petitioni
456 775 527 837 toto
552 771 659 836 animo
683 770 805 836 servire
826 790 893 834 non
915 770 1047 854 licebat,
1074 769 1193 835 minari

183 861 320 945 denique
339 860 532 926 divisoribus
551 859 635 924 ratio
654 879 721 923 non
739 862 817 940 erat,
836 863 1009 942 propterea
1027 859 1112 943 quod
1135 879 1192 924 eos

182 950 374 1035 intellegere
396 947 546 1014 videbam
568 969 620 1011 me
646 946 709 1011 hoc
735 945 853 1012 iudicio
882 946 1065 1013 districtum
1093 952 1192 1031 atque

129 1055 163 1104 aa
184 1038 367 1123 obligatum
395 1037 549 1100 futurum.
595 1034 704 1118 Atque
726 1034 788 1100 hoc
810 1035 883 1119 ipso
905 1039 1052 1120 tempore
1075 1033 1192 1100 Siculis

184 1126 409 1191 denuntiatum
427 1145 497 1188 esse
516 1123 611 1188 audio
630 1123 772 1206 primum
791 1123 832 1187 ab
850 1121 1036 1208 Hortensio,
1060 1123 1193 1189 domum
1208 1150 1237 1190 10

184 1214 225 1279 ad
247 1214 341 1277 illum
360 1217 398 1277 ut
415 1211 577 1296 venirent,
596 1209 721 1276 Siculos
740 1212 775 1275 in
792 1233 829 1276 eo
849 1231 925 1276 sane
943 1211 1065 1278 liberos
1082 1211 1194 1297 fuisse,

185 1301 252 1385 qui,
280 1323 378 1385 quam
405 1300 448 1365 ob
475 1321 544 1364 rem
572 1304 822 1383 arcesserentur,
854 1321 927 1365 cum
954 1300 1194 1386 intellegerent,

182 1410 249 1454 non
270 1388 406 1453 venisse.
446 1387 576 1452 Interes
599 1387 732 1453 comitia
753 1391 879 1472 nostra,
904 1410 1041 1472 quorum
1063 1389 1126 1454 iste
1149 1410 1194 1473 sc,

182 1481 221 1541 ut
247 1481 427 1542 ceterorum
458 1475 521 1541 hoo
553 1497 636 1540 anno
669 1475 888 1560 comitiorum,
921 1477 1087 1542 dominum
1121 1497 1193 1542 esse

183 1565 418 1648 arbitrabatur,
443 1563 558 1628 haberi
580 1568 696 1649 coepta
718 1569 802 1630 sunt.
848 1563 985 1630 Cursore
1007 1565 1070 1630 iste
1092 1564 1193 1630 homo
1208 1590 1236 1630 us

182 1657 297 1738 potens
330 1674 404 1719 cum
435 1652 504 1717 filio
537 1652 656 1717 blando
689 1657 722 1717 et
754 1651 899 1738 gratioso
929 1653 1049 1719 circum
1075 1653 1192 1739 tribus,

182 1745 335 1825 paternos
359 1739 494 1823 amicos,
521 1740 583 1806 hoc
611 1745 661 1805 est
688 1739 858 1821 divisores,
887 1741 1052 1825 appellare
1081 1763 1192 1806 omnes

183 1834 216 1894 et
238 1828 416 1894 convenire.
453 1826 545 1902 Quod
568 1849 642 1893 cum
665 1832 751 1892 esset
771 1828 974 1894 intellectum
998 1833 1030 1894 et
1050 1828 1192 1894 animad-

181 1939 325 2001 versum,
355 1916 433 1981 fecit
465 1915 572 1982 animo
605 1916 820 1982 libentissimo
847 1918 987 2002 populus
1015 1917 1191 2001 Romanus,

181 2009 228 2091 ut,
250 2005 339 2071 ouius
359 2004 491 2069 divitiae
513 2026 565 2070 me
588 2005 627 2069 de
649 2005 712 2069 fide
735 2004 888 2070 deducere
910 2028 977 2072 non
999 2005 1192 2090 potuissent,
1206 2029 1235 2070 au

128 2107 162 2156 26
181 2116 222 2159 ne
245 2092 387 2158 eiusdem
410 2092 546 2176 pecunia
569 2092 607 2157 de
630 2093 752 2159 honore
780 2094 927 2159 deicerer.
972 2093 1191 2179 Posteaquam

92 2261 93 2264 Ἴ
181 2181 240 2246 illa
262 2179 430 2266 petitionis
453 2201 574 2266 magna
595 2202 673 2246 cura
690 2181 847 2247 liberatus
866 2203 948 2265 sum,
970 2182 1079 2248 animo
1098 2181 1192 2266 coepi

181 2269 285 2334 multo
314 2267 419 2354 magis
447 2290 548 2333 vacuo
577 2291 615 2334 ac
642 2269 750 2355 soluto
777 2269 860 2335 nihil
884 2269 973 2334 aliud
995 2270 1060 2335 nisi
1082 2269 1121 2334 de
1144 2271 1191 2335 iu·

182 2356 264 2422 dicio
297 2377 393 2442 agere
426 2361 459 2421 et
487 2356 640 2443 cogitare.
689 2357 841 2442 Reperio,
873 2357 1007 2441 iudices,
1039 2358 1119 2423 haec
1147 2359 1190 2422 ab

180 2445 253 2511 istis
276 2443 412 2510 consilia
433 2443 516 2510 inita
539 2449 572 2510 et
594 2445 785 2530 constituta,
807 2450 857 2530 ut,
883 2467 1084 2530 quacumque
1107 2467 1190 2530 opus
1206 2473 1234 2514 rs

181 2537 267 2599 esset
289 2532 424 2616 ratione,
447 2554 498 2597 res
521 2532 570 2598 ita
592 2533 769 2617 duceretur,
791 2538 829 2598 ut
851 2534 937 2619 apud
958 2533 1002 2600 M.
1019 2533 1190 2599 Metellum

180 2625 364 2710 praetorem
382 2642 480 2687 causa
498 2620 665 2686 diceretur.
701 2621 740 2685 In
758 2643 795 2686 eo
815 2643 885 2686 esse
903 2622 983 2688 haec
1005 2621 1190 2688 commodat

180 2711 322 2797 primum
349 2709 392 2774 M.
415 2708 586 2775 Metellum
615 2709 859 2793 amicissimum,
887 2709 999 2775 deinde
1023 2710 1190 2776 consulem

180 2821 246 2866 non
276 2800 381 2864 solum
409 2795 446 2873 c.
472 2796 697 2883 Hortensium,
730 2799 785 2863 sed
817 2799 915 2864 etiam
945 2797 981 2874 Q.
1009 2797 1189 2883 Metellum,

181 2888 236 2971 qui
259 2909 356 2971 quam
378 2885 436 2951 isti
459 2885 503 2951 sit
525 2886 660 2970 amicus,
684 2886 854 2969 attendite3
878 2886 966 2952 dedit
988 2887 1075 2952 enim
1097 2909 1190 2972 prae
1205 2915 1234 2956 eo

180 2975 364 3062 rogativam
388 2997 464 3040 suae
483 2975 660 3040 voluntatis
684 2973 751 3038 eius
770 2973 866 3058 modi,
889 2979 927 3040 ut
943 2975 1000 3040 isti
1017 2997 1077 3060 pro
1096 2997 1190 3060 prae·

180 3063 339 3150 rogativis
361 3063 428 3130 iam
450 3063 627 3128 reddidisse
650 3061 803 3127 videatur.

126 3163 160 3212 27
247 3151 301 3216 An
327 3174 379 3217 me
406 3152 581 3218 taciturum
607 3149 708 3215 tantis
738 3149 775 3213 de
806 3150 903 3214 rebus
935 3151 1189 3236 existimavistis,

180 3245 214 3305 et
239 3262 292 3305 me
318 3240 353 3304 in
378 3245 472 3306 tanto
500 3240 547 3305 rei
574 3238 721 3324 publicae
754 3237 1064 3323 existimationisque
1096 3261 1189 3305 meae

179 3328 322 3411 periculo
355 3329 505 3412 cuiquam
541 3327 763 3393 consulturum
798 3325 907 3410 potius
945 3348 1042 3409 quam
1078 3325 1189 3392 officio
1204 3353 1232 3395 es

180 3420 213 3480 et
240 3415 395 3500 dignitati
421 3417 534 3480 meae?
579 3414 726 3479 Aroessit
753 3415 836 3480 alter
862 3415 974 3480 consul
998 3413 1189 3498 designatus

179 3499 318 3584 Siculos3
341 3503 474 3568 veniunt
491 3525 558 3568 non
575 3502 667 3583 nulli,
686 3507 859 3587 propterea
881 3502 968 3587 quod
981 3501 1016 3567 L.
1034 3501 1189 3571 Metellus
