2604 3880
173 189 236 254 122
415 185 454 240 ΙΝ
473 183 502 240 C.
517 183 673 238 VERREM
692 182 800 238 ACTIO
821 182 945 238 PRIMA.

241 329 313 384 Toto
340 327 428 398 igitur
453 327 509 382 hoo
535 325 608 382 libro
634 326 793 382 exhortatio
815 325 938 381 iudicum
962 325 1121 380 continetur
1143 327 1182 380 nd

171 417 235 456 vere
249 398 437 468 iudicandum,
458 397 551 452 minae
565 397 595 452 in
610 397 785 452 adversarios
800 396 960 466 diriguntur
978 397 1072 452 omnia
1088 399 1180 466 temp-

170 475 263 528 tantes
287 470 323 524 ad
345 468 579 539 corrumpendum
600 467 748 537 iudicium,
776 469 806 522 et
828 467 1016 538 expositiones
1038 466 1180 523 Ciceronis

170 541 281 597 consilii
294 539 338 596 sui
350 540 488 595 iudicibus
505 539 679 607 exhibentur,
697 543 716 606 †
729 555 799 607 quas
812 538 969 594 intractans
987 537 1180 607 communiter,

170 612 348 680 brevitasque
367 611 576 666 obiciendorum
596 610 743 664 criminum
761 609 834 664 mira
851 611 911 664 arte
930 608 1082 664 conficitur.

242 683 350 738 Status:
365 682 506 748 Quantum
521 682 558 736 ad
571 681 689 736 crimina
703 696 804 735 causae
817 680 1035 749 repetundarum
1047 680 1179 750 pertinet,

170 755 334 810 coniectura
342 753 488 823 multiplex
498 752 572 807 inest
585 751 714 807 omnibus
728 750 816 819 libris,
829 753 965 820 quantum
979 751 1015 805 ad
1029 751 1181 820 specialem

170 825 354 880 intentionem
367 824 433 878 libri
446 823 530 878 huius
543 823 670 890 refertur,
689 822 811 890 qualitas
828 822 978 890 negotialis
996 823 1077 876 extra
1095 822 1180 891 scrip-

170 899 232 951 tum
257 897 286 950 in
312 894 453 966 particula
473 894 542 948 iuris
565 895 609 948 est
631 893 796 960 constituta3
824 893 965 947 inducitur
987 892 1061 946 enim
1083 895 1181 962 postu·

170 967 240 1022 latio
259 967 294 1022 de
312 965 416 1036 agendi
433 981 507 1020 novo
525 980 641 1035 genere,
660 963 798 1032 siquidem
816 963 890 1032 petit
906 962 1034 1032 permitti
1051 963 1106 1018 sibi
1123 980 1182 1018 non

170 1040 213 1093 uti
236 1037 362 1093 oratione
384 1037 533 1106 perpetua,
562 1035 612 1089 sed
632 1034 756 1090 breviter
779 1033 896 1087 crimina
917 1049 1072 1103 proponere
1094 1037 1124 1090 st
1144 1034 1182 1088 ad

171 1108 285 1179 singula
303 1109 389 1162 testes
408 1107 482 1161 dare.

242 1178 314 1233 Sunt
341 1179 435 1231 autem
462 1177 557 1247 capita
579 1176 715 1230 orationis
737 1176 820 1230 haec:
849 1191 885 1228 an
907 1175 975 1230 talis
997 1192 1073 1245 reus,
1102 1176 1181 1230 cuius

171 1249 316 1304 damnatio
329 1247 420 1317 prosit
432 1247 473 1301 rei
487 1247 626 1317 publicae,
645 1263 682 1300 an
699 1246 771 1300 talia
790 1246 849 1300 eius
868 1245 987 1300 consilia
1004 1245 1041 1300 ad
1058 1262 1181 1301 corrum-

169 1320 293 1391 pendum
308 1318 450 1385 iudicium,
469 1334 506 1371 an
519 1317 590 1371 talia
604 1321 633 1371 et
646 1319 705 1372 tam
724 1315 875 1371 manifesta
894 1315 1012 1370 crimina
1030 1317 1067 1370 ad
1084 1321 1181 1386 patro-

170 1389 276 1445 cinium
294 1388 507 1458 desperandum,
527 1405 563 1442 an
575 1387 660 1442 huius
673 1387 750 1442 morli
765 1387 801 1441 ab
815 1403 849 1442 eo
863 1389 893 1441 et
911 1388 947 1442 ab
966 1387 1026 1442 eius
1045 1387 1181 1459 suffraga-

169 1460 279 1514 toribus
298 1461 327 1514 et
344 1457 421 1512 dicta
439 1460 468 1513 et
485 1458 562 1512 facta
580 1459 616 1513 ad
634 1458 802 1513 eludendam
820 1457 1037 1527 accusationem,
1056 1461 1089 1513 ιιι
1105 1475 1181 1514 novo

170 1547 271 1601 genere
294 1529 333 1584 sit
358 1529 499 1598 agendum
521 1529 628 1597 Tulli03
655 1546 773 1597 quntum
792 1545 885 1583 rerum
910 1528 991 1597 quasi
1012 1546 1063 1610 per
1084 1547 1181 1586 narra·

169 1601 277 1655 tionem
296 1599 366 1654 lacit
384 1599 663 1667 demonstrationem,
686 1598 826 1670 expositio
849 1598 960 1654 consilii
984 1617 1041 1668 sur,
1066 1603 1182 1656 etcum

169 1670 311 1726 indicibus
334 1669 501 1725 deliberatio
523 1669 635 1725 videtur
656 1669 784 1737 inducta
811 1669 919 1738 inqua
942 1671 1099 1726 ostenditur
1122 1689 1181 1726 oer-

169 1742 287 1797 tandum
308 1758 371 1796 cum
390 1740 541 1796 Hortensio
560 1740 678 1810 astutia,
701 1757 758 1795 non
775 1741 880 1795 utendo
898 1740 976 1795 horis
995 1741 1124 1797 omnibus
1144 1743 1182 1796 ad

171 1812 332 1880 dicendum
351 1811 514 1881 tollendam,
533 1810 558 1866 ei
572 1811 634 1866 fieri
646 1811 761 1880 poterit,
780 1811 1112 1882 comperendinationem,
1130 1830 1182 1883 per

170 1885 257 1938 testes
281 1882 399 1938 crimina
421 1883 636 1952 comprobanda.
675 1881 757 1937 Facit
778 1882 833 1936 hoo
857 1879 966 1950 Cicero,
990 1885 1022 1937 ut
1043 1884 1114 1938 haec
1136 1901 1181 1939 res

170 1970 227 2008 non
250 1955 341 2008 solum
364 1952 529 2023 compendio
553 1969 661 2007 moram
685 1969 718 2007 ao
739 1951 909 2007 brevitatem
931 1953 1067 2023 temporis
1087 1954 1181 2023 tollat,

171 2024 323 2080 sedetiam
342 2023 417 2078 circa
435 2021 586 2078 artificium
604 2022 716 2078 dicendi
733 2022 856 2078 breviter
874 2022 961 2078 etiam
979 2023 1010 2078 in
1027 2025 1082 2080 hac
1099 2028 1182 2095 parte

172 2095 230 2152 vim
250 2092 370 2150 oratoris
389 2094 527 2149 ostendat.

135 2245 151 2369 ᾗ
238 2270 331 2347 Quod
363 2277 435 2337 erat
465 2271 644 2355 optandum
676 2271 829 2357 maxime,
862 2272 997 2359 iudices,
1029 2278 1063 2339 ct
1094 2275 1182 2360 quod

170 2381 271 2425 unum
303 2360 344 2424 ad
375 2359 530 2425 invidiam
562 2359 664 2425 uestri
693 2359 814 2424 ordinis
841 2359 1073 2447 infamiamque
1100 2362 1181 2427 iudi-

171 2448 295 2514 ciorum
316 2447 491 2513 sedaudam
510 2447 649 2512 maxime
671 2448 869 2532 pertinebat,
891 2449 925 2512 id
947 2472 1013 2515 non
1035 2451 1180 2518 humano

171 2535 316 2619 oonsilio,
331 2535 387 2600 sed
400 2557 501 2620 prope
515 2535 669 2600 divinitus
685 2535 796 2600 datum
811 2541 909 2620 atque
923 2539 1071 2603 oblatum
1085 2540 1181 2605 vobis

171 2645 298 2689 summo
313 2623 523 2706 reipublicae
540 2628 688 2707 tempore
706 2621 843 2688 videtur.
875 2623 1074 2692 inveteravit
1093 2629 1209 2692 enims

170 2712 236 2777 iam
252 2711 361 2796 opinio
381 2712 562 2795 perniciosa
580 2711 628 2776 rei
646 2711 795 2795 publicae
813 2713 970 2798 vobisque
988 2715 1181 2800 periculosa,

173 2823 255 2884 quae
269 2822 335 2864 non
348 2801 445 2864 modo
459 2802 545 2882 oprrd
551 2801 703 2884 populum
715 2800 902 2885 Romanum,
920 2805 1078 2868 sedetiam
1094 2805 1181 2888 apud

170 2892 298 2953 exteras
334 2889 482 2953 nationes
520 2889 664 2954 omnium
697 2910 845 2954 sermone
876 2891 1091 2976 percrebruit,
1127 2893 1180 2957 his

169 2977 305 3061 indiciis,
330 2999 410 3061 quae
428 2999 514 3042 nunc
533 2981 617 3062 sunt,
639 2977 849 3062 pecuniosum
871 2977 1045 3063 hominem,
1068 3002 1180 3064 quam·

135 3077 150 3126 2
170 3065 219 3128 vis
239 3065 283 3130 sit
300 3086 428 3148 nenena,
450 3065 612 3130 neminem
631 3088 727 3150 posse
746 3066 903 3132 damnari.
939 3066 1035 3133 Nunc
1052 3067 1086 3132 in
1106 3069 1223 3153 ipson

170 3153 355 3218 discrimine
383 3153 505 3218 ordinis
532 3153 787 3238 iudiciorumque
809 3159 993 3221 vestrorum
1017 3178 1090 3220 cum
1114 3157 1181 3222 sint

169 3243 290 3324 parati,
319 3241 374 3325 qui
402 3241 606 3307 contionibus
634 3246 667 3306 et
692 3242 820 3327 legibus
843 3243 928 3308 hanc
949 3244 1107 3310 invidiam
1130 3267 1180 3310 se-

169 3331 267 3392 natus
285 3329 487 3394 inflammare
506 3332 670 3412 conentur,
693 3351 766 3393 reus
785 3331 820 3393 in
842 3331 997 3397 iudicium
1021 3333 1179 3399 adductus

170 3417 221 3480 est
245 3413 279 3480 Ο.
297 3413 430 3499 Verres,
460 3415 558 3480 homo
590 3415 658 3479 vita
690 3419 787 3500 atque
814 3416 910 3483 factis
939 3421 1084 3486 omniurn
1111 3423 1178 3487 iam

170 3501 320 3584 opinions
345 3502 529 3586 damnatus,
557 3503 711 3585 pecuniae
734 3505 958 3589 magnitudine
983 3530 1041 3574 sua
1065 3532 1122 3594 spe
1146 3517 1179 3576 et
1197 3529 1222 3569 ιι
