2600 3878
187 185 253 252 364
490 181 530 236 m
549 182 578 237 c.
592 180 746 238 vnuasu
763 179 844 236 lor.
863 181 897 237 u.

148 302 166 365 Ῑ
252 328 357 394 Venio
384 349 469 394 nunc
496 325 537 392 ad
563 327 672 430 istiup,
700 347 796 410 quem
823 326 864 392 ad
880 263 1022 392 liiihdum
1045 289 1119 412 ipah
1142 349 1201 414 ap-

187 419 303 505 pellat,
331 415 488 501 studium,
512 420 551 482 nt
573 414 668 481 amici
691 414 773 500 eius,
796 415 946 480 morbum
969 417 1003 480 et
1024 414 1202 500 insaniam,

187 509 226 571 ut
257 488 370 589 Siculi,
405 503 627 588 latrocinium
662 523 724 589 ego
761 524 825 587 quo
861 503 992 571 nomine
1025 505 1201 589 appellem,

187 594 310 678 nesci03
338 615 407 660 rem
433 593 528 659 robis
555 612 749 677 proponam3
776 612 837 656 ros
860 613 931 656 eum
954 612 1026 675 suo,
1052 613 1122 657 non
1143 615 1201 658 no-

189 682 285 748 minis
313 681 454 767 pondere
480 681 657 766 penditote.
696 678 806 745 Genus
832 679 940 764 ipsum
966 679 1057 765 prius
1080 696 1236 767 cogno-e

153 380 166 428 1

190 772 279 855 scite,
300 770 436 854 iudices,
459 769 572 835 deinde
590 768 730 834 fortasse
750 789 817 833 non
839 789 959 854 magno
982 790 1078 854 opere
1104 791 1204 853 quae·
1279 773 1282 846 l

189 860 282 944 retis,
310 881 373 944 quo
400 859 435 924 id
461 858 591 923 nomine
618 856 849 943 appellandum
870 856 1002 941 putetis.
1045 855 1142 944 Nego
1167 859 1203 923 in

190 946 301 1014 Sicilia
322 951 408 1032 tote,
433 951 503 1012 tam
525 945 695 1030 locupleti,
721 949 790 1010 tam
813 947 921 1010 vetere
944 944 1126 1030 provincia,
1149 951 1204 1012 tot

190 1036 332 1122 oppidis,
358 1040 411 1102 tot
436 1035 572 1100 familiis
598 1038 668 1098 tam
696 1033 849 1119 copiosis,
876 1033 979 1098 ullum
1007 1038 1203 1120 argenteum

190 1147 261 1210 vas,
291 1125 395 1190 ullum
425 1121 630 1190 Corinthium
662 1126 720 1188 aut
750 1121 919 1187 Deliacum
950 1121 1064 1207 fuisse,
1095 1124 1204 1188 ullam
1217 1141 1240 1182 ιι
1282 1165 1283 1182 ,

191 1235 354 1301 gemmam
369 1216 427 1278 aut
439 1211 662 1297 margaritam,
681 1210 853 1295 quicquam
871 1231 910 1276 ex
928 1232 1007 1276 euro
1026 1214 1084 1276 aut
1103 1211 1204 1278 ebore

190 1303 323 1385 factum,
341 1299 472 1386 signum
485 1299 590 1365 ullum
606 1305 749 1383 alueum,
768 1319 995 1382 marmoreum,
1013 1299 1205 1386 eburneum,
1283 1294 1284 1386 l

190 1411 275 1476 nego
293 1389 396 1453 ullam
414 1387 576 1473 picturam
594 1409 698 1473 neque
715 1388 750 1452 in
767 1388 881 1453 tabula
899 1408 1004 1472 neque
1026 1387 1062 1452 in
1083 1389 1205 1474 textili,
1283 1399 1284 1432 t

192 1479 270 1562 quin
292 1476 515 1561 conquisierit,
540 1476 731 1562 inspexerit,
760 1476 846 1561 quod
867 1475 1025 1561 placitum
1047 1476 1106 1561 sit,
1130 1477 1205 1542 abs-

156 1564 313 1631 2tulerit.
353 1565 511 1651 Magnum
524 1565 637 1630 videor
652 1564 769 1649 dicere3
792 1564 949 1630 attendite
972 1563 1082 1649 etiam,
1105 1587 1206 1649 quem
1219 1581 1242 1625 u
1284 1617 1285 1652 ÷

192 1654 233 1720 ad
265 1653 396 1719 modum
429 1652 542 1718 dicam.
590 1651 667 1718 Non
694 1653 780 1718 enim
807 1652 898 1718 verbi
924 1673 1028 1737 neque
1055 1652 1205 1719 criminis
1284 1687 1285 1690 ¹

192 1741 332 1829 augendi
367 1762 466 1808 causa
496 1741 694 1827 complector
726 1741 848 1826 omnia3
884 1763 983 1826 quom
1014 1741 1085 1806 dioc
1118 1741 1205 1807 nihil

190 1832 292 1897 istum
322 1830 390 1896 eius
417 1829 506 1897 modi
531 1851 640 1894 rerum
666 1829 702 1895 in
728 1834 800 1896 tota
826 1829 993 1914 provincia
1019 1830 1206 1915 reliquisse,

191 1919 308 1984 Latine
344 1939 396 1983 me
432 1918 561 2003 scitote,
596 1938 663 1982 non
699 1918 897 1984 accusatorie
933 1918 1032 2002 loqui.
1088 1917 1205 1984 Etiam
1285 1930 1286 1982 l

191 2008 334 2093 planius:
365 2007 449 2070 nihil
476 2007 511 2071 in
538 2006 671 2071 aedibus
699 2007 901 2091 cuiusquam,
930 2028 971 2071 ne
997 2005 1032 2071 in
1058 2007 1205 2090 hospitis
1218 2027 1242 2066 ιι
1285 2001 1286 2010 ’

193 2096 331 2181 quidem,
348 2095 431 2159 nihil
445 2095 480 2159 in
497 2094 578 2161 locis
597 2094 830 2179 communibus,
847 2115 888 2159 ne
906 2094 941 2159 in
957 2094 1043 2159 fanis
1062 2096 1205 2181 quidem,

192 2183 274 2251 nihil
294 2183 380 2267 apud
398 2181 550 2268 Siculum,
572 2182 656 2247 nihil
675 2183 760 2267 apud
779 2182 880 2248 civem
899 2182 1091 2268 Romanum,
1115 2185 1205 2250 ‹leni-

194 2293 255 2356 que
273 2270 356 2335 nihil
373 2271 484 2355 istum,
506 2270 593 2356 quod
611 2270 652 2336 ad
675 2271 785 2336 oculos
809 2270 1014 2355 animumque
1039 2272 1205 2357 acciderit,

192 2381 296 2443 neque
314 2358 435 2443 privati
451 2380 556 2443 neque
573 2358 697 2444 publici
714 2379 817 2445 neque
837 2358 967 2443 profani
988 2381 1093 2444 neque
1116 2363 1204 2427 sacri

192 2450 265 2513 tota
286 2446 322 2509 in
344 2443 454 2511 Sicilia
477 2447 654 2531 reliquisse.
1217 2467 1243 2508 ιι

157 2548 174 2597 3
259 2534 353 2600 Unde
380 2533 483 2620 igitur
504 2535 613 2620 potius
635 2535 789 2620 incipiam
812 2558 910 2620 quam
933 2537 974 2602 ab
998 2559 1037 2602 ea
1058 2536 1204 2624 civitate,

193 2644 276 2709 quae
297 2622 359 2686 tibi
382 2645 447 2687 una
468 2623 504 2686 in
526 2644 635 2688 amore
659 2628 756 2709 atque
778 2624 813 2688 in
836 2624 958 2690 deliciis
981 2624 1057 2708 fuit,
1080 2628 1139 2690 aut
1161 2649 1204 2690 cx

193 2733 257 2796 quo
284 2711 394 2797 potius
422 2731 555 2775 numero
579 2732 677 2795 quam
700 2734 739 2777 ex
761 2713 841 2798 ipsis
864 2712 1087 2778 laudatoribus
1110 2713 1203 2779 tuis?

191 2799 333 2866 Facilius
353 2799 438 2865 enim
456 2797 677 2884 perspicietur,
701 2801 807 2884 qualis
826 2800 912 2885 apud
934 2821 989 2865 eos
1011 2799 1121 2886 fueris,
1145 2803 1204 2886 qui

192 2892 241 2954 te'
258 2889 408 2971 oderunt,
444 2887 500 2971 qui
531 2891 696 2972 accusant,
733 2889 789 2973 qui
820 2892 1069 2973 persequuntur,
1102 2911 1203 2974 quom
1216 2909 1244 2950 so

192 2977 279 3062 apud
298 2981 373 3042 tuos
391 2975 601 3040 Mamertinos
624 2975 789 3041 inveniare
811 2975 1051 3060 inprobissuma
1072 2979 1204 3045 ratione

150 3066 263 3136 2esse
283 3064 467 3150 praedatus.
504 3061 538 3129 0.
556 3062 658 3129 Heius
682 3068 733 3129 est
750 3062 962 3130 Mamertinus
986 3060 1115 3152 (omnes
1138 3066 1204 3133 hoc

192 3153 286 3236 mihi,
323 3152 378 3236 qui
408 3151 593 3217 Messanam
625 3156 842 3237 accesserunt,
877 3152 973 3218 facile
1008 3154 1203 3242 concedunt)

191 3240 343 3306 omnibus
374 3239 470 3306 rebus
499 3241 559 3306 illa
585 3240 620 3305 in
647 3241 778 3306 civitate
811 3240 1049 3307 ornatissimus.
1094 3242 1202 3309 Huius

191 3327 306 3392 domus
338 3332 389 3392 est
417 3329 469 3394 vel
496 3333 631 3414 optuma
657 3328 839 3411 Messanae,
869 3330 1054 3396 notissima·
1072 3331 1239 3416 quidemn

191 3416 277 3478 certe
309 3417 343 3478 et
377 3416 499 3482 nostris
535 3415 722 3481 hominibus
757 3417 965 3500 apertissima
982 3411 1203 3505 'maximeque

190 3500 373 3584 hospitalis.
423 3504 473 3570 lla
506 3505 618 3569 domus
651 3507 727 3567 ante
756 3503 852 3569 istius
881 3506 1058 3573 adventum
1086 3512 1204 3574 ornata
