2576 3882
164 195 230 262 202
460 193 548 251 ING
568 192 874 252 transmissuri.

163 340 307 442 praedia
322 340 437 426 populi
463 340 604 406 Romani
630 343 707 405 sunt
733 339 922 441 vectigalia·
934 343 1048 406 nostra
1077 344 1178 426 atque
1279 369 1280 372 ¹

163 428 362 520 provincias,
394 451 491 531 quem
521 429 563 494 cd
590 428 723 494 modum
749 428 948 513 propinquis
968 450 1027 494 ιοι
1056 431 1176 496 vestris
1279 459 1280 462 ¹

163 518 303 603 praediis
332 518 471 584 maxime
499 517 717 600 delectamini,
744 517 791 584 sic
813 517 935 619 populo
958 515 1139 584 Romano
1130 541 1178 584 ru·
1279 553 1280 594 3

163 606 269 672 cunda
291 607 521 672 suburbanitas
545 610 596 672 est
617 605 751 670 huiusce
773 605 967 689 provinciae.
1007 604 1078 670 Iam
1097 629 1177 672 vero
1279 599 1280 692 l

162 695 359 761 hominum
349 717 505 781 ipsorum,
522 694 651 772 iudices,
671 715 710 758 ea
727 715 770 778 pa
771 693 896 776 tientia,
918 693 1023 758 virtus
1039 694 1177 780 frugali·
1191 724 1205 764 ι
1279 697 1280 728 ¹

162 787 279 867 tasque
302 787 367 868 est,
391 788 429 850 ut
451 783 597 867 proxime
620 745 662 848 ad
683 785 831 847 nostram
854 781 1059 866 disciplinam
1080 783 1178 850 illam
1279 783 1280 866 l

162 875 319 956 veterem,
341 893 408 938 non
430 872 472 938 ad
493 871 590 955 hanc,
618 891 700 954 quae
723 891 808 935 nunc
830 869 1020 954 increbruit,
1047 871 1177 938 videau-

161 964 217 1026 tur
236 960 399 1044 accedere3
421 959 504 1025 nihil
523 963 705 1024 ceterorum
723 958 830 1024 simile
854 920 1060 1061 Graecorum,
1082 961 1177 1025 nulla
1279 963 1280 1036 Ϊ

161 1049 294 1133 desidis,
315 1048 408 1115 nulla
430 1047 582 1131 luxuries,
604 1051 719 1114 contra
741 1068 886 1113 summus
905 1047 1026 1112 labor
1017 1070 1052 1111 ιι
1068 1049 1177 1133 publi·
1279 1053 1280 1086 l

160 1139 207 1204 cis
229 1137 431 1223 privatisque
448 1136 555 1219 rebus,
578 1156 706 1200 summa
723 1135 931 1220 parsimonia,
954 1156 1081 1202 summa
1099 1136 1175 1200 dili-
1191 1166 1217 1206 ιο
1279 1129 1280 1212 l

161 1230 240 1312 gent
241 1226 282 1290 ia
330 1223 384 1290 Sic
410 1244 508 1309 porro
535 1227 665 1290 nostros
694 1223 842 1288 homines
870 1222 1025 1310 diligunt,
1055 1227 1093 1290 ιι
1120 1224 1174 1290 his
1279 1237 1280 1310 l

162 1314 241 1379 solis
276 1334 382 1396 neque
419 1312 612 1397 publicanus
648 1333 752 1396 neque
779 1312 975 1414 negotiator
1010 1312 1084 1378 odio
1122 1313 1175 1378 sit.
1279 1311 1280 1368 l

125 1416 142 1466 8
161 1401 417 1487 Magistratuum
439 1405 549 1466 autem
569 1400 786 1466 nostrorum
776 1401 911 1466 miurias
929 1400 978 1465 ita
995 1401 1176 1468 multorum

160 1491 316 1572 tulerimt,
335 1492 373 1553 ut
385 1511 562 1573 numquam
578 1488 730 1554 antehoc
745 1492 875 1574 tempus
894 1488 936 1553 ad
953 1511 1043 1555 aram
1062 1490 1176 1576 legum

160 1577 422 1663 praesidiumque
451 1581 595 1643 restrum
627 1577 759 1663 publico
791 1577 926 1643 consilio
958 1577 1175 1664 confugerint,
1190 1607 1217 1648 15
1279 1619 1280 1656 ι

159 1666 294 1732 tametsi
316 1670 350 1731 et
371 1666 466 1731 illum
489 1688 610 1732 annum
632 1665 843 1751 pertulerant,
868 1666 923 1750 qui
946 1666 992 1732 sic
1014 1687 1068 1732 eos
1093 1667 1176 1732 affli-
1279 1657 1280 1736 l

160 1759 266 1839 xerat,
298 1759 336 1820 ut
367 1755 451 1820 salvi
482 1776 554 1820 esse
582 1775 648 1820 non
671 1757 817 1839 possent,
845 1755 909 1818 nisi
936 1753 971 1820 C.
998 1753 1174 1820 Marcellus

162 1844 256 1927 quasi
283 1845 469 1927 aliquot
418 1843 489 1909 fato
517 1843 672 1926 venisset,
699 1846 738 1908 ut
763 1842 815 1907 bis
842 1864 881 1907 ex
909 1842 1021 1908 eadem
1047 1843 1175 1909 familia

161 1932 250 1996 salus
269 1930 398 1997 Siciliae
421 1953 498 1998 cons
500 1892 681 2014 titucretui,
704 1934 738 1994 et
759 1935 836 2016 post
858 1929 900 1996 M
919 1929 988 1996 Ant
974 1931 1045 1997 toni
1065 1931 1174 1996 infini-
1279 1941 1280 2024 ι

159 2023 230 2085 tum
258 2019 377 2085 illud
367 2020 540 2104 imperium
562 2021 739 2084 senserant.
784 2015 837 2084 Sic
860 2041 880 2083 ι
902 2019 1081 2084 maioribus
1104 2020 1174 2085 suis
1189 2049 1216 2090 sc
1279 1999 1280 2074 l

161 2111 362 2193 acceperant,
384 2110 478 2172 tanta
486 2108 615 2208 populi
633 2105 804 2172 Romani
794 2129 829 2172 ιιι
847 2104 972 2172 Siculos
994 2128 1064 2173 esse
1078 2108 1175 2173 bene-
1279 2075 1280 2158 l

160 2197 242 2280 ficia,
265 2199 304 2260 ut
327 2195 458 2259 etiam'
448 2195 583 2260 iniurias
605 2199 794 2261 nostrorum
816 2194 985 2260 hominum
1011 2195 1175 2281 perferen·
1279 2165 1280 2260 l

124 2284 218 2348 odas
240 2286 410 2384 'putarent
455 2281 494 2346 In
517 2283 679 2349 neminem
701 2283 915 2348 civitatesan
915 2284 1057 2350 tehunc
1079 2286 1174 2350 testi-
1279 2269 1280 2370 l

159 2371 305 2437 monium
327 2370 457 2472 publice
480 2371 643 2456 dixerunt,
665 2371 751 2437 hunc
774 2371 943 2455 denique
934 2393 1041 2457 1psum
1063 2376 1174 2456 pertu-
1279 2381 1280 2446 l

159 2460 289 2542 lisscnt,
315 2459 344 2524 si
365 2459 508 2526 humano
531 2461 641 2544 modo,
665 2460 694 2525 ιι
715 2460 839 2526 ιιιιιιο
862 2481 961 2543 more,
984 2460 1013 2524 ιι
1036 2461 1173 2545 denique
1189 2489 1216 2531 ss

158 2569 223 2614 uno
256 2509 405 2631 aliquo
395 2569 431 2613 ιιι
462 2570 579 2634 genere
611 2553 784 2634 peccasset
834 2545 898 2613 Sed
929 2570 1002 2615 cum
1027 2549 1173 2634 perferre
1279 2607 1280 2634 ,

158 2658 225 2702 non
247 2640 382 2722 possent
405 2637 574 2739 luxuriem,
598 2637 832 2738 crudelitatem,
856 2637 1036 2720 avaritiam,
1062 2657 1173 2722 super·
1279 2635 1280 2692 l

159 2725 256 2810 biam,
280 2746 354 2790 cum
377 2726 487 2790 omnia
509 2747 569 2790 sua
591 2725 800 2809 commoda,
790 2747 874 2809 rura,
900 2687 1055 2791 beneficia
1079 2747 1173 2790 sena·

159 2817 213 2878 ιιι
236 2814 413 2899 populique
436 2813 576 2878 Romani
598 2813 694 2878 unius
714 2814 834 2879 scelere
858 2835 895 2878 ao
912 2814 1046 2878 libidine
1063 2814 1174 2899 perdi·
1279 2839 1280 2904 q

160 2902 296 3004 dissent,
328 2901 391 2968 hoc
422 2905 621 2985 statuerunt,
654 2905 710 2966 ιιι
737 2902 995 2968 istiusiniurias
1021 2923 1080 2986 per
1112 2923 1216 2972 rosso

160 3079 277 3163 quibus
301 3099 395 3163 opem
418 3040 637 3162 auxiliuque
655 3078 794 3163 ferretis,
816 3079 912 3144 urbes
932 3101 970 3144 ac
989 3079 1079 3144 sedes
1095 3042 1174 3144 suas,

118 3167 357 3280 4relinquere,
387 3166 646 3251 quandoquidem
679 3188 775 3252 agros
801 3167 868 3232 iam
896 3171 971 3232 ante
998 3167 1159 3232 istiusin
1279 3233 1280 3260 ,

107 3276 259 3355 miurus
265 3254 423 3356 exagitati
436 3255 653 3339 reliquissent.
630 3254 761 3321 tHoc
774 3255 909 3320 consilio
929 3253 1024 3321 abL.
1036 3253 1173 3321 Metello
1279 3265 1280 3326 J

158 3341 340 3426 legationes
363 3342 533 3408 universae
555 3345 750 3428 petiverunt,
772 3347 810 3408 ut
833 3365 931 3428 quam
953 3343 1095 3428 primum
1113 3344 1173 3410 isti
1161 3367 1215 3412 res
1279 3373 1280 3436 ,

159 3428 356 3511 succederet,
380 3429 443 3495 hoc
466 3431 573 3496 animo
597 3431 718 3496 totiens
742 3432 827 3516 apud
849 3436 1006 3517 patronos
1034 3432 1073 3497 de
1104 3433 1173 3498 suis

159 3515 297 3578 miseriis
328 3515 552 3602 deplorarrmt,
584 3518 646 3584 hoc
673 3520 827 3584 commoti
859 3520 970 3586 dolore
1001 3521 1173 3606 postulata
