2564 3876
175 187 222 250 42
346 181 417 242 Pac
437 184 853 242 snx‚ncsclosr1aam0
873 184 1019 241 ORATIO.

177 332 256 486 ppei,
274 353 347 396 cum
368 335 620 484 cprpepenp,dnon
637 334 814 482 potuerunt
833 330 985 414 occidere,
1009 352 1083 396 eum
1100 330 1195 416 iugu-

127 506 167 568 11
212 440 502 592 nilliidviriiruiri
524 441 727 592 pppffim
753 507 837 572 unde
860 507 1082 593 potissimum,
1112 506 1196 572 iudi·

179 617 246 681 ces,
276 595 385 661 ordiar
413 599 470 661 aut
497 596 584 680 quod
610 599 668 660 aut
696 618 715 660 a
739 595 856 680 quibus
880 595 1038 660 auxilium
1060 595 1195 679 petam?

180 685 353 750 deorumne
376 679 625 768 immortalium,
648 684 803 769 populine
825 683 974 768 Romani,
997 687 1222 766 vestramne,s

180 773 236 857 qui
263 794 424 838 summam
450 776 649 858 potestatem
671 772 800 837 habetis
824 771 887 837 hoc
909 776 1069 856 tempore,
1096 771 1197 836 fidem

124 884 161 934 ao
180 862 375 946 implorem?
420 860 519 926 Pater
541 860 665 926 occisus
688 860 824 945 nefarie,
855 861 969 925 domus
993 861 1128 925 obsessa
1153 861 1196 924 ab

179 950 329 1036 inimicis,
351 951 439 1015 bona
457 950 618 1033 adempta,
639 969 800 1032 possessa,
823 948 959 1034 direpta,
980 948 1042 1018 filii
1060 948 1130 1013 vita
1149 948 1198 1012 in-
1277 935 1278 1000 l

179 1040 279 1123 festa,
312 1059 408 1123 saepe
436 1037 524 1102 ferro
555 1041 653 1121 atquc
679 1037 806 1101 insidiis
835 1036 989 1121 adpetita.
1039 1034 1124 1112 Quid
1154 1037 1197 1101 ab

179 1127 231 1192 his
247 1131 300 1192 tot
317 1125 485 1191 maleficiis
504 1125 635 1190 sceleris
654 1125 768 1190 abesse
786 1125 936 1190 videtur?
970 1124 1095 1189 Tamen
1113 1123 1198 1190 haec
1212 1153 1236 1191 ιο

179 1215 255 1280 aliis
278 1214 411 1279 nefariis
435 1214 603 1279 cumulant
626 1216 724 1297 atquc
748 1212 923 1299 adaugent,
947 1213 1069 1277 crimen
1091 1212 1197 1278 inore·
1278 1200 1279 1268 l

180 1303 280 1367 dibile
295 1302 495 1387 confingunt,
513 1305 615 1366 testes
628 1301 664 1365 in
681 1301 767 1366 hunc
785 1304 818 1365 et
837 1304 1041 1366 accusatores
1059 1300 1198 1366 huiusce

179 1390 316 1474 pecunia
344 1393 546 1474 comparant3
574 1389 659 1454 hanc
689 1388 908 1454 condicionem
932 1389 1051 1453 misero
1075 1389 1198 1474 ferunt,

179 1481 217 1543 ut
240 1481 346 1562 optet,
368 1480 478 1542 utrum
501 1477 596 1541 malit
618 1477 757 1542 cervices
782 1479 818 1542 Τ.
841 1477 959 1542 Roscio
982 1476 1059 1541 dare
1083 1499 1128 1542 an
1149 1477 1199 1542 in·

177 1569 273 1631 sutus
291 1565 326 1630 in
344 1565 484 1630 culleum
503 1586 561 1649 por
580 1587 742 1630 summum
759 1565 894 1630 dedecus
911 1564 1014 1630 vitam
1033 1565 1198 1631 amittere.
1212 1593 1236 1633 15
1279 1566 1280 1624 l

179 1654 341 1719 Patronus
359 1652 436 1718 huic
454 1653 621 1718 defuturos
639 1657 850 1737 putaverunt3
868 1653 997 1738 desunt,
1016 1653 1073 1737 qui
1091 1654 1198 1719 libere

181 1743 281 1827 dicat,
310 1740 366 1827 qui
392 1763 466 1806 cum
493 1740 556 1806 fide
583 1741 747 1825 defendat,
776 1741 810 1805 id
837 1740 923 1826 quod
949 1741 985 1805 in
1010 1741 1073 1806 hac
1096 1763 1200 1807 causa

182 1832 262 1896 satis
291 1834 353 1914 ost,
387 1829 553 1914 [quoniam
582 1829 712 1913 quidem
740 1829 878 1914 suscepi]
908 1851 975 1894 non
1002 1829 1092 1894 deest
1123 1852 1199 1914 pro·

125 1941 161 1990 ar
182 1922 275 2004 lecto,
295 1919 426 1984 iudices.
462 1917 506 1983 Et
524 1917 664 1983 forsitan
682 1918 716 1981 in
735 1918 938 2002 suscipienda
956 1939 1054 1982 causa
1072 1921 1199 1983 temere

180 2008 340 2093 impulsus
363 2005 583 2072 adulescentia
604 2006 750 2091 feccrim3
772 2006 925 2089 quoniam
944 2006 1073 2090 quidem
1092 2007 1199 2072 semel
1212 2037 1237 2075 ao

182 2095 319 2180 suscepi,
340 2094 417 2160 licet
438 2095 586 2159 hercules
604 2094 745 2178 undique
764 2116 875 2159 omnes
893 2093 1074 2158 immineant
1093 2098 1198 2160 terro

181 2205 233 2249 res
258 2183 466 2267 periculaque
488 2181 697 2267 impendeant
720 2182 843 2266 omnia,
879 2203 1064 2247 succurram
1097 2187 1199 2269 atque

182 2271 308 2337 subibo.
353 2269 487 2336 (lartum
510 2274 560 2335 est
584 2270 870 2356 deliberatumque,
893 2292 975 2354 quae
998 2270 1039 2335 ad
1062 2293 1200 2337 causam

181 2359 344 2444 pertinere
376 2358 532 2442 arbitror,
565 2359 674 2424 omnia
702 2381 770 2424 non
800 2359 897 2424 modo
931 2359 1048 2444 dicere,
1081 2380 1200 2424 verum

182 2447 282 2512 etiam
309 2446 461 2531 libenter,
494 2445 647 2512 audacter
674 2447 839 2530 libereque
869 2447 987 2530 dicore,
1017 2447 1110 2511 nulla
1144 2470 1199 2513 res
1214 2477 1240 2519 a

181 2539 276 2600 tanta
302 2534 451 2618 exsistet,
477 2533 613 2620 iudices,
640 2538 681 2604 ut.
704 2535 810 2620 possit
836 2535 902 2599 vim
929 2534 1010 2599 mihi
1037 2535 1199 2602 maiorem

125 2643 163 2693 aa
183 2623 336 2688 adhibere
363 2627 469 2688 metus
498 2645 596 2707 quam
617 2622 707 2688 fides.
750 2623 883 2688 Etenim
906 2623 978 2707 quis
1000 2627 1070 2688 tam
1094 2623 1200 2690 disso

181 2714 253 2777 luto
272 2711 380 2777 animo
400 2715 459 2796 est,
482 2711 538 2794 qui
560 2712 641 2776 haec
662 2733 736 2776 cum
758 2710 876 2796 videat,
899 2714 1006 2778 tacere
1027 2732 1065 2776 ac
1087 2715 1200 2799 negle-

182 2821 258 2887 gere
292 2799 419 2885 possit?
472 2798 605 2863 Patrcm
637 2821 758 2885 meum,
789 2820 863 2864 cum
894 2799 1097 2884 proscriptus
1129 2823 1201 2867 non

180 2892 281 2971 essct,
308 2887 496 2975 iugulastis,
524 2887 665 2951 occisum
687 2887 722 2950 in
743 2887 1002 2972 proscriptorum
1023 2909 1200 2954 numerum
1214 2919 1241 2959 co

182 2976 372 3060 rettulistis,
402 2997 453 3040 me
482 2973 578 3040 domo
602 2997 675 3039 mea
703 2996 762 3060 per
788 2975 856 3040 vim
884 2975 1068 3060 expulistis,
1095 2979 1200 3062 patri-

182 3065 327 3130 monium
369 3084 476 3128 meum
516 3061 699 3146 possidetis.
762 3061 846 3139 Quid
886 3063 988 3129 vultis
1032 3066 1200 3150 amplius?

182 3153 324 3217 etiamne
351 3152 393 3216 cd
420 3150 577 3216 subsellia
604 3173 677 3216 cum
704 3151 792 3216 ferro
821 3155 918 3236 atque
944 3153 1021 3217 telis
1051 3154 1201 3240 venistis,

131 3245 219 3351 12ut
242 3241 295 3305 hic
319 3243 376 3306 aut
397 3238 553 3325 iuguletis
577 3244 634 3304 aut
657 3239 875 3305 condemnetis
899 3237 970 3305 Sex.
990 3240 1171 3308 Roscium?

129 3365 163 3412 33
248 3326 424 3392 Hominem
445 3327 543 3413 longe
567 3327 816 3393 audacissimum
839 3349 943 3413 nuper
964 3328 1140 3395 habuimus
1164 3332 1201 3396 in
1215 3358 1240 3400 aa

182 3413 315 3478 civitate
344 3412 378 3478 Ο.
405 3413 585 3479 Fimbriam
614 3419 660 3500 ct,
688 3415 774 3500 quod
803 3415 890 3479 inter
916 3438 1028 3481 omnes
1057 3423 1191 3487 constat

182 3499 345 3565 nisiinter
364 3521 428 3580 cos,
448 3502 504 3586 qui
522 3502 586 3586 ipsi
604 3524 732 3587 quoque
750 3503 926 3589 insaniunt,
943 3472 1202 3574 insanissimumi
