2524 3876
408 195 552 251 ΟΑΡ.9-
519 201 709 261 -1-1§3³
676 201 751 252 -.89
1042 199 1081 260 11

84 338 171 403 disse.
208 337 342 423 Quaeso,
365 337 526 440 OAqnili
546 357 676 423 vosque,
701 338 756 422 qui
778 359 811 403 es
813 339 857 403 tis
880 339 915 403 in
938 339 1083 426 consilio,

84 427 225 528 utquid
243 427 371 512 pollicit
371 449 410 491 us
429 427 500 510 sim,
520 425 692 512 diligenter
710 427 885 493 memoriae
907 427 1049 493 mandet
1024 431 1083 514 t1s;

83 514 195 580 etenim
217 536 287 580 rem
308 515 475 580 faciliust
460 518 565 580 totam
584 514 759 599 accipietis,
782 537 810 580 ιι
801 515 908 581 haec
931 516 1083 582 memina-

82 604 161 687 ritis,
185 606 218 668 et
236 625 287 668 me
309 602 405 669 facile
427 606 499 669 vest
501 625 538 668 ιι
560 602 798 668 existimatione
821 604 998 669 revocabit
974 609 1031 689 t,1s
1054 604 1083 670 si

61 696 168 756 cextra
193 690 255 756 hos
279 692 438 757 cancellos
465 690 576 777 egredi
603 691 759 776 conabor,
791 712 872 776 quos
900 692 1022 756 mihi
1012 713 1084 777 ipse

86 779 278 845 cncumdedi.
313 779 408 865 Nego
425 779 526 845 fuisse
545 800 685 864 causam,
708 800 765 845 cur
782 780 975 864 postularet,
997 801 1081 867 nego

84 889 117 930 ex
142 867 246 934 edicto
273 868 439 952 possidere
462 867 622 953 potuisse,
647 888 733 954 nego
756 867 948 952 possedisse.
993 866 1084 934 Haeo

83 955 235 1022 triacum
258 957 594 1042 docuerowperoraro

161 1042 237 1110 Non
254 1043 319 1110 fuit
338 1067 443 1128 causa,
466 1066 524 1110 cur
541 1045 734 1129 postulares.
767 1042 829 1120 Qui
849 1043 911 1110 hoc
933 1010 1134 1130 intellegill
1102 1084 1136 1134 ³7

49 1147 120 1216 1⁰p0
121 1133 206 1198 test?
244 1131 328 1208 Quia
347 1131 426 1198 Sex.
435 1131 560 1198 Naevio
577 1153 681 1216 neque
705 1153 743 1196 ex
767 1132 933 1197 societatis
956 1132 1083 1197 ratione

82 1241 177 1304 neque
193 1221 352 1306 privatim
370 1221 542 1306 quicquam
561 1221 673 1285 debuit
691 1218 870 1322 Quinctius.
906 1218 985 1296 Quis
1008 1221 1084 1286 huic

82 1308 125 1372 rei
148 1309 242 1373 testis
273 1309 345 1374 est?
391 1307 495 1393 Idem,
523 1309 579 1393 qui
602 1309 776 1373 acerrimus
805 1308 1059 1394 adversarium
1048 1329 1084 1374 ιιι

82 1395 157 1462 hanc
174 1419 244 1462 rem
265 1401 314 1481 te,
335 1400 382 1478 te,
405 1397 550 1481 inquam,
573 1400 704 1480 testem,
726 1395 845 1480 Naevi,
867 1396 984 1462 citabo.
1017 1396 1082 1462 An·

82 1506 152 1549 uum
181 1489 214 1550 et
245 1505 283 1550 eo
314 1485 434 1550 diutius
463 1488 540 1570 post
569 1488 709 1550 mortem
739 1483 773 1550 C.
798 1483 927 1561 Quincti
955 1485 1020 1550 fuit
1049 1485 1084 1548 in

52 1571 182 1638 1⁵Gollia
199 1577 310 1639 tecum
328 1573 425 1638 simul
449 1573 627 1649 Quinctius.
666 1572 754 1638 Doce
778 1577 811 1637 te
832 1573 957 1658 petisse
980 1573 1021 1638 ab
1045 1594 1083 1638 eo

82 1661 172 1726 istam
190 1661 301 1727 nescio
320 1683 415 1745 quam
434 1661 703 1726 innumerabilem
724 1661 904 1747 pecuniam,
927 1661 1004 1726 doce
1027 1661 1084 1724 ali·

84 1751 201 1832 quando
233 1751 433 1815 mentionem
463 1749 591 1834 fecisse,
629 1748 747 1814 dixisse
779 1749 902 1832 deberi3
935 1748 1083 1813 debuisse

84 1839 256 1903 concedam.
297 1837 437 1903 Moritur
455 1836 490 1903 0.
507 1837 686 1921 Quinctius,
709 1837 765 1921 qui
783 1837 855 1921 tibi,
876 1840 914 1900 ut
937 1836 994 1920 sis,
1018 1857 1083 1900 cer·
1102 1849 1135 1899 38

84 1925 121 1990 tis
146 1926 332 1991 nominibus
356 1927 511 2012 grandem
534 1926 704 2011 pecuniam
727 1925 847 1990 debuit.
887 1923 991 1989 Heres
1015 1924 1083 1989 eins

52 2027 73 2066 ²⁰
85 2012 115 2077 P.
132 2013 300 2089 Quinctius
325 2014 360 2078 in
383 2013 525 2079 Galliam
549 2014 590 2079 ad
612 2017 645 2078 te
667 2014 775 2098 ipsum
797 2012 887 2079 venit
909 2012 945 2077 in
967 2033 1084 2098 agrum

84 2123 292 2253 communem,
321 2123 358 2167 eo
382 2103 532 2187 deniqne,
558 2101 615 2167 nbi
636 2123 703 2166 non
725 2100 821 2166 modo
843 2122 896 2166 res
920 2104 1003 2184 erat,
1027 2100 1085 2165 sed

83 2194 129 2254 rat
130 2191 160 2255 io
178 2211 307 2293 quoque
323 2191 428 2255 omnis
447 2193 480 2256 et
499 2211 610 2255 omnes
629 2191 767 2254 litterae.
795 2187 874 2264 Quis
892 2193 962 2254 tam
983 2151 1083 2254 disso-

84 2277 128 2341 lut
114 2281 164 2343 tus
182 2280 217 2343 in
234 2301 271 2343 re
287 2277 445 2343 familiari
463 2277 589 2363 fuisset,
612 2277 685 2380 quis
707 2281 778 2342 tarn
799 2277 986 2364 neglegens,
1010 2277 1083 2362 quis

83 2369 146 2430 tsm
163 2367 220 2450 tui,
244 2365 349 2450 Sexte,
373 2366 550 2450 dissimilis,
573 2367 637 2450 qui,
661 2388 733 2431 cum
752 2387 804 2430 res
823 2367 864 2431 ab
883 2388 930 2449 eo,
954 2365 1083 2450 quicum

52 2467 73 2508 ²⁵
84 2417 301 2539 contraxisset,
319 2455 506 2520 recessisset
520 2457 553 2519 et
566 2456 608 2519 ad
621 2454 772 2519 heredem
790 2455 1001 2539 pervenisset,
1017 2476 1084 2519 non

83 2541 235 2628 heredem,
249 2543 475 2628 cumprimum
488 2542 633 2626 vidisset,
647 2545 714 2607 cert
715 2542 817 2607 iorem
829 2541 961 2626 faceret,
975 2544 1085 2627 appel·

85 2629 173 2716 laret,
195 2632 355 2696 rationem
376 2631 520 2715 afferret,
548 2631 576 2695 si
599 2630 676 2714 quid
697 2630 732 2694 in
755 2631 1010 2696 controversiam
1033 2651 1085 2694 ve·

84 2718 171 2803 niret,
193 2723 250 2784 aut
267 2720 355 2784 intra
371 2719 513 2805 parietes
538 2722 595 2783 aut
618 2739 744 2783 summo
766 2719 837 2783 iure
861 2719 1084 2804 experiretur?

86 2803 171 2871 Itane
191 2808 263 2873 est?
286 2807 372 2893 quod
394 2807 457 2873 viri
481 2807 598 2892 optimi
619 2806 758 2891 faciunt,
780 2805 810 2870 si
833 2807 889 2890 qui
912 2827 987 2871 suos
1007 2827 1084 2955 pro·

55 2893 640 3084 ”ltttttttttlttttt
656 2894 873 3048 titulo
894 2915 963 3065 tt
982 2896 1084 3063 tlt

91 3091 123 3132 eo
139 3069 240 3136 fervet
225 3033 424 3156 tfertirrque
443 3071 549 3137 ararit
550 3071 591 3154 ia,
613 3074 652 3136 ut
670 3070 713 3134 de
733 3071 800 3135 suis
824 3031 1001 3134 commodis
1026 3068 1085 3132 ali-

91 3177 178 3259 quam
194 3163 322 3244 partem
340 3160 420 3224 velit
440 3160 652 3243 committere,
674 3181 715 3223 ne
739 3180 837 3242 quam
859 3160 987 3242 partem
1009 3155 1085 3220 huic

91 3246 261 3348 propinquo
288 3269 346 3313 sno
373 3248 472 3312 ullius
501 3247 684 3313 ornamenti
711 3246 897 3330 relinquat?
925 3247 958 3309 et
980 3244 1008 3308 is
1032 3265 1085 3328 pe
1104 3255 1137 3305 ss

59 3334 216 3419 secusiam,
235 3335 264 3400 si
282 3358 346 3419 qua
363 3336 494 3401 deberet
480 3340 541 3414 t,ur
561 3358 626 3401 non
644 3338 780 3420 peteret,
803 3333 867 3418 qui,
891 3332 975 3417 quia,
999 3331 1085 3416 quod

92 3386 225 3486 debituri
238 3444 487 3508 numquam,
429 3428 478 3488 est
464 3386 541 3488 tid
554 3424 666 3488 datum
679 3443 746 3487 non
759 3425 819 3506 est,
837 3443 904 3486 non
916 3421 1085 3523 pecuniam

92 3509 192 3592 modo,
213 3512 441 3577 verumetiam
463 3474 605 3577 liominis
628 3509 803 3596 propinqui
826 3509 1019 3597 sanguinem
1040 3508 1085 3574 vi·
