2558 3884
315 212 384 269 LIB.
403 214 430 269 Π
461 211 538 270 ΟΑΡ.
558 220 663 270 61-63
682 219 698 280 ἓ
718 219 865 269 ree-154.
1027 213 1094 280 255
1164 165 1168 169 '

85 361 294 423 monumenta
330 357 482 443 pecunias
519 358 688 423 voluntate
720 378 778 423 sua
809 379 876 424 non
907 359 1094 426 contulisse.

85 446 192 530 Atque
218 449 257 511 ut
284 446 348 512 hoc
372 449 480 512 totum
501 445 657 511 facillime
679 445 829 534 intellegi
851 447 970 533 possit,
998 469 1093 532 quem

82 535 172 602 voles
201 556 315 600 eorum
341 534 489 618 testium,
517 555 598 618 quos
620 534 815 618 produxero,
843 535 898 620 qui
921 557 960 600 ex
983 534 1095 602 Sicilia

83 627 184 689 testes
217 626 309 706 sunt,
341 623 408 688 sire
440 625 591 708 togatum
623 622 691 688 sive
721 619 879 707 Siculum,
910 627 1027 710 rogato
1060 627 1093 690 et

60 733 170 795 reum,
203 711 260 795 qui
291 710 355 775 tibi
385 710 627 776 inimicissimus
660 731 730 776 esse
762 711 938 796 videbitur,
971 713 1027 797 qui
1058 733 1093 778 se

84 800 262 886 spoliatum
301 799 360 865 abs
396 802 429 865 te
467 820 537 864 esse
576 799 673 883 dicet,
713 799 827 882 ecquid
864 820 922 866 suo
962 801 1093 866 nomine

82 889 115 952 in
147 892 242 953 tuam
269 890 413 952 statuam
441 887 629 970 contulerit3
660 887 823 953 neminem
850 887 1005 972 reperies,
1038 888 1094 973 qui

82 980 195 1064 neget,
227 976 347 1040 etenim
379 997 490 1042 omnes
523 975 689 1040 dederunt.
743 974 945 1060 Quemquam
972 975 1074 1062 igitur
1095 989 1146 1038 153

82 1069 180 1150 putas
203 1063 441 1148 dubitaturum,
465 1064 543 1148 quin
564 1064 607 1149 is,
631 1085 727 1147 quem
750 1063 811 1128 tibi
833 1063 1094 1130 inimicissimum

47 1176 71 1216 u
83 1175 153 1218 esse
167 1156 330 1237 oporteat,
348 1153 404 1236 qui
417 1152 476 1219 abs
490 1155 524 1217 te
539 1152 749 1236 gravissimas
768 1151 905 1218 iniurias
924 1151 1093 1237 acceperit,

82 1242 254 1396 adt?
286 1240 576 1395 {lluttfitssfflt'l
590 1239 798 1394 diffidati
826 1239 1093 1415 diquiallltssss

246 1379 255 1414 7

82 1418 248 1504 pecuniae,
270 1417 400 1502 iudices,
422 1439 504 1502 quae
525 1437 705 1503 permagna
728 1420 779 1482 est
800 1417 1094 1503 impudentissime·

84 1509 173 1591 [que]
207 1509 320 1572 coacta
351 1506 393 1572 ab
424 1505 551 1588 invitis,
581 1527 648 1571 non
673 1504 775 1570 habui
802 1506 962 1572 rationem
989 1527 1093 1592 nequo

47 1595 204 1660 rehabere
222 1594 324 1680 potui,
347 1597 505 1679 quantum
523 1594 565 1658 ab
584 1593 778 1678 aratoribus,
802 1599 959 1678 quantum
978 1593 1021 1660 ab
1041 1615 1093 1659 ne·

84 1683 317 1769 gotiatoribus,
345 1683 401 1767 qui
426 1680 608 1767 Syracusis,
636 1683 691 1767 qui
713 1680 903 1767 Agrigenti,
931 1682 987 1765 qui
1009 1679 1094 1746 Pan-

82 1771 200 1854 hormi,
219 1771 275 1855 qui
293 1771 441 1855 Lilybaei
458 1770 677 1858 negotiantur,
696 1772 782 1834 esset
801 1772 958 1851 coactum,
976 1772 1010 1833 et
1027 1768 1094 1834 iam

82 1859 277 1946 intellegitis
304 1860 407 1944 ipsius
436 1881 563 1944 quoque
591 1857 793 1924 confessione
821 1857 862 1922 ab
888 1855 1094 1922 invitissimis

83 1952 231 2016 coactam
254 1969 333 2013 esse.

47 2059 71 2099 ro
151 2035 257 2102 Venio
283 2058 369 2103 nune
397 2035 438 2102 ad
467 2035 616 2101 civitates
645 2033 788 2119 Siciliae,
820 2033 859 2100 de
888 2033 1005 2117 quibus
1033 2030 1081 2096 fa·
1096 2003 1151 2128 165}

83 2125 206 2192 cillime
219 2125 373 2190 iudicium
386 2123 457 2189 deri
471 2123 649 2190 voluntatis
663 2125 781 2208 potest.
811 2121 865 2186 An
879 2121 979 2186 etiam
993 2117 1095 2186 Siculi

83 2213 180 2279 inriti
207 2213 436 2279 contulerunt?
481 2210 559 2278 Non
586 2215 637 2276 est
663 2210 843 2296 probabile.
888 2209 1021 2276 Etenim
1049 2209 1095 2274 sic

84 2301 119 2368 O.
136 2301 275 2366 Verrem
301 2304 489 2386 praeturam
515 2300 550 2364 in
573 2297 684 2364 Sicilia
712 2298 852 2385 gessisse
878 2301 1021 2381 constat,
1048 2300 1095 2381 ut,

84 2413 158 2456 cum
189 2389 337 2473 utrisque
367 2389 448 2456 satis
474 2388 581 2455 facere
607 2410 673 2454 non
699 2391 826 2472 posset,
856 2390 890 2451 et
917 2384 1034 2452 Siculis
1062 2391 1096 2452 et

46 2500 71 2540 a
83 2477 224 2566 togatis,
256 2477 356 2544 officii
386 2477 496 2563 potius
523 2478 558 2542 in
586 2475 691 2542 socios
719 2497 817 2559 quam
845 2475 1033 2540 ambitionis
1060 2474 1095 2540 in

84 2567 165 2632 civis
196 2565 358 2632 rationem
388 2565 523 2631 duxerit.
567 2563 683 2648 Itaque
710 2585 784 2628 eum
810 2584 878 2630 non
905 2563 1012 2629 solum
1039 2579 1096 2628 PA-

85 2672 231 2722 rnonun
256 2654 347 2720 illius
369 2653 508 2740 insulae,
537 2652 716 2718 sedetiam
739 2649 879 2718 SOTERA
901 2651 1095 2736 inscriptum

85 2743 152 2808 ridi
184 2741 362 2827 Syracusis.
415 2743 487 2808 Hoc
525 2744 682 2826 quantum
719 2741 791 2805 est?
841 2738 893 2804 Ita
930 2760 1095 2824 magnum,

85 2836 123 2896 ut
145 2831 262 2896 Latine
289 2853 353 2896 uno
381 2831 482 2897 verbo
509 2828 646 2915 exprimi
672 2850 739 2894 non
760 2827 874 2912 possit.
918 2825 952 2891 Is
977 2829 1027 2890 est
1049 2825 1096 2888 ni·

47 2941 73 2982 so
86 2920 206 2985 mirum
221 2935 342 3003 soron,
360 2919 415 3003 qui
430 2918 569 2984 salutem
589 2917 686 2983 dedit.
722 2915 827 2982 Huius
846 2914 977 2980 nomine
996 2912 1095 2978 etiam

87 3009 154 3074 dics
185 3007 264 3074 festi
291 3008 473 3093 agitantur,
503 3006 640 3092 pulchra
666 3005 727 3070 illa
747 3001 877 3086 Verria,
908 3022 975 3066 non
1002 3000 1097 3084 quasi

86 3096 269 3179 Marcellia,
301 3095 357 3161 sed
384 3117 444 3180 pro
472 3094 663 3178 Marcelliis,
695 3113 778 3177 quae
805 3089 856 3154 illi
882 3089 978 3156 istius
1005 3088 1096 3153 iussu

86 3185 303 3269 sustulerunt,
326 3183 422 3249 huius
440 3182 549 3250 fornix
566 3183 602 3248 in
617 3181 691 3248 foro
710 3177 878 3262 Syracusis
897 3180 956 3260 cst,
978 3176 1013 3241 in
1032 3197 1095 3259 quo

86 3275 191 3340 nudus
209 3273 297 3338 filius
321 3275 403 3357 stat,
424 3271 495 3357 ipse
518 3275 628 3337 autem
651 3291 690 3334 ex
712 3288 794 3352 equo
817 3264 973 3330 nudatam
996 3264 1038 3328 ab
1062 3285 1097 3328 se

47 3379 74 3420 ω
87 3361 289 3448 provinciam
324 3360 498 3446 prospicit3
533 3359 629 3424 huius
664 3358 793 3422 statuae
824 3353 905 3418 locis
938 3352 1097 3437 omnibus,

88 3472 170 3535 quae
197 3451 260 3516 hoc
289 3448 511 3514 demonstrare
538 3447 722 3528 rideantur,
749 3461 852 3528 prope
877 3442 1009 3508 modum
1030 3462 1099 3506 non

87 3539 195 3604 minus
219 3539 342 3604 multas
365 3540 492 3604 statuas
514 3535 615 3602 istum
637 3531 784 3618 posuisse
807 3526 976 3614 Syracusis
999 3550 1097 3613 quam
