2604 3880
456 197 525 254 LIB.
543 198 557 251 I
575 197 652 254 cnP.
673 206 814 269 151,2.
1077 203 1140 268 141

130 338 252 394 iudicem
269 339 346 409 apud
358 338 472 407 inferos,
489 342 634 409 tamquam
647 340 672 395 si
685 343 798 410 praetor
811 341 850 397 sit
859 359 953 398 rernm
969 342 1142 414 capitalium,

132 410 341 478 ‘quaesitorem’
353 410 492 480 appellat;
506 411 605 466 datibi
613 412 797 480 sortitionem,
811 413 862 468 ubi
872 415 992 468 ‘mnam’
1007 414 1142 484 nominat,

130 481 180 534 dat
197 480 364 535 electionem
380 480 518 548 iudicum,
537 499 601 535 cum
619 482 700 554 dicit:
727 483 887 538 ‘consilinm
904 485 1010 552 vocat',
1028 485 1079 539 dat
1096 502 1142 540 co·

171 551 286 633 'tionem
301 551 478 632 'facinora-m,
501 569 565 606 cnm
588 552 669 607 dicits
696 554 836 636 [vitasque
854 557 884 609 et
901 553 1020 609 crimina
1037 556 1142 612 discit’.

130 621 497 774 diffidatis?
513 625 743 775 &liaffirini
758 627 1143 765 {diffidasset

130 763 280 818 dividendo
289 766 381 818 totam
398 764 471 818 hanc
487 767 695 819 accusatronem
707 771 726 834 †
738 765 770 819 in
789 765 932 836 legatione
950 767 1041 822 ricem
1058 784 1142 837 quae·

131 835 233 901 sturae,
250 833 336 889 tertio
355 833 385 886 in
401 836 534 904 praetura
551 836 665 889 urbana
698 835 772 889 Nam
790 853 854 891 cum
872 853 968 892 omnes
987 838 1047 893 eius
1062 841 1141 892 actus

130 907 296 973 quaesturae
317 904 443 972 nomine,
470 905 634 974 legationis,
661 909 809 976 praeturae
831 908 966 974 urbanae,
994 911 1142 978 praeturae

131 973 285 1030 Siciliensis
302 974 509 1045 quadripartita
526 977 662 1030 librorum
680 977 817 1032 divisione
835 981 1052 1048 cognoscantur,
1076 982 1141 1033 ante

130 1048 196 1100 acta
217 1045 277 1100 eius
303 1046 398 1127 omnia
414 1047 469 1101 hoc
486 1046 559 1101 libro
578 1048 780 1130 comprehensa
797 1050 864 1130 sunt
880 1049 919 1104 ad
934 1065 1031 1132 eorum
1048 1049 1140 1131 fidem,

131 1118 286 1242 dead
302 1116 1143 1270 iffiffiffititicfflbdessm'ffiidd

131 1258 229 1313 edesse
245 1261 329 1326 atque
348 1257 500 1326 defensum,
518 1259 549 1312 in
567 1261 762 1315 exhortatone
780 1260 904 1316 iudicum
922 1263 960 1316 ad
976 1264 1051 1316 recte
1069 1261 1142 1315 iudi-

131 1329 262 1396 candum,
292 1331 354 1383 tum
380 1329 412 1382 in
437 1329 521 1384 minis
548 1333 647 1384 contra
674 1331 848 1386 adversarios
876 1335 905 1388 et
929 1333 959 1387 in
986 1332 1143 1388 exhibenda

131 1400 239 1455 ratione
259 1399 345 1453 officii
363 1400 414 1466 sui,
434 1400 542 1454 cunita
558 1401 691 1456 maluerit
709 1417 853 1469 accusare,
871 1404 905 1457 ut
921 1403 1014 1474 prima
1031 1404 1142 1458 actione

131 1473 242 1525 tantum
259 1470 380 1524 testibus
397 1472 534 1537 uteretur,
555 1487 626 1539 qnae
645 1471 740 1525 omnia
757 1472 817 1528 eius
834 1473 912 1528 modi
930 1477 1008 1543 sunt,
1031 1478 1064 1529 ut
1086 1490 1143 1529 uon

131 1543 190 1594 tam
213 1558 289 1596 nova
307 1540 399 1595 dicere
418 1557 501 1609 quam
523 1539 601 1594 dicta
618 1540 685 1595 libri
703 1541 855 1612 superioris
873 1543 1029 1600 instaurare
1047 1543 1142 1600 videa-

131 1612 184 1665 tur,
225 1611 295 1665 Post
318 1612 389 1665 hacc
416 1611 512 1665 omnia
535 1610 625 1680 ipsius
653 1610 794 1666 Ciceronis
820 1630 872 1683 per
897 1614 1019 1669 honores
1045 1614 1142 1669 Verris

132 1698 196 1736 oum
222 1681 386 1736 criminibus
408 1680 520 1735 iunctos
538 1680 642 1736 divisio
659 1699 710 1751 per
727 1681 853 1737 ordinem
869 1685 1029 1754 temporum
1047 1685 1141 1739 currit.

197 1930 369 1997 Neminem
387 1934 533 1996 vestrum
553 1931 706 2018 ignorare
728 1932 880 2016 arbitror,
902 1932 1032 2011 iudices,
1056 1906 1180 2000 hunc1

131 2041 189 2105 per
211 2019 309 2084 hosce
333 2019 400 2084 dies
424 2041 605 2085 sermonem
628 2020 720 2106 uulgi
739 2024 837 2104 atque
855 2019 939 2085 hanc
957 2020 1142 2105 opinionem
1162 1983 1176 2033 1

131 2107 246 2192 populi
271 2107 412 2173 Romani
437 2108 551 2192 fuisse,
583 2107 618 2173 Ο.
644 2109 781 2174 Verrem
809 2109 914 2172 altera
941 2109 1067 2174 actione
1094 2131 1143 2174 re

133 2217 327 2280 sponsurum
356 2216 422 2261 non
452 2218 521 2260 esse
552 2218 657 2280 neque
688 2197 729 2260 ad
761 2196 913 2261 iudicium
947 2196 1142 2263 adfuturum.

105 2277 221 2359 sQuae
247 2284 337 2348 fama
361 2303 428 2349 non
458 2284 577 2349 idcirco
610 2285 717 2349 solum
749 2287 930 2369 emanarat,
962 2286 1048 2370 qnod
1079 2286 1142 2351 iste

132 2376 219 2437 certe
251 2375 412 2438 statuerat
444 2394 481 2436 ac
508 2373 744 2437 deliberaverat
775 2394 841 2438 nou
873 2373 999 2458 adesse,
1030 2396 1143 2439 verum

133 2459 246 2542 etiam,
282 2460 368 2544 quod
383 2468 385 2472 ’
399 2482 495 2525 nemo
532 2482 727 2544 quemquam
763 2465 832 2525 tam
869 2461 1036 2546 audacem,
1073 2465 1143 2527 tam

133 2551 304 2632 amentem,
325 2552 396 2613 tam
418 2548 627 2633 inpudentem
650 2548 720 2612 fore
743 2549 974 2634 arbitrabatur,
998 2550 1053 2634 qui
1073 2553 1144 2615 tam

130 2636 265 2700 nefariis
289 2635 486 2719 criminibus,
508 2640 578 2701 tem
600 2636 714 2702 multis
737 2637 877 2701 testibus
901 2638 1066 2704 convictus
1086 2660 1143 2704 ora

12 2729 13 2738 ’
92 2747 120 2787 ιο
133 2723 274 2790 iudicum
296 2725 440 2808 aspicere
463 2727 521 2788 aut
543 2746 580 2789 os
603 2747 697 2788 suum
720 2726 842 2810 populo
863 2725 1010 2791 Romano
1034 2730 1143 2791 osten-

133 2813 207 2876 dere
226 2812 367 2876 auderet.
403 2812 465 2878 Est
482 2812 568 2876 idem
586 2811 715 2897 Verres,
738 2813 794 2897 qui
810 2813 875 2878 fuit
893 2835 1029 2899 semper,
1047 2818 1084 2878 ut
1103 2814 1144 2878 ad
1162 2827 1178 2876 a

132 2899 314 2965 audendum
337 2899 514 2984 proiectus,
537 2901 583 2965 sic
601 2904 735 2985 paratus
759 2902 801 2966 ad
824 2901 1030 2983 audiendum3
1053 2923 1144 2985 prec-

132 2992 184 3052 stc
217 2991 280 3071 est,
313 2987 500 3072 respondet,
533 2989 728 3071 defenditur3
761 3011 803 3054 ne
834 2989 896 3054 hoc
924 2989 1053 3073 quidem
1081 2990 1144 3054 sibi

131 3075 250 3159 reliqui
275 3075 369 3159 facit,
397 3080 446 3160 ut,
474 3077 509 3140 in
530 3078 627 3142 rebus
650 3077 849 3162 turpissimis
873 3098 945 3141 cum
969 3075 1142 3141 manifesto

92 3185 118 3228 15
131 3167 290 3247 teneatur,
314 3164 343 3227 si
364 3165 499 3229 reticeat
522 3168 555 3229 et
578 3165 674 3249 absit,
697 3169 808 3229 tamen
828 3164 1047 3250 impudentiae
1067 3186 1143 3230 suae

131 3252 307 3336 pudentem
330 3253 451 3317 exitum
476 3253 640 3336 quaesisse
663 3252 819 3319 videatur.
863 3251 990 3335 Patior,
1013 3252 1144 3337 iudices,

133 3343 166 3405 et
183 3360 250 3404 non
267 3341 403 3405 moleste
417 3341 487 3405 fero
502 3363 553 3406 me
567 3341 689 3406 laboris
704 3340 777 3423 mei,
796 3361 854 3405 vos
868 3341 1001 3406 virtutis
1015 3342 1143 3406 vestrae

131 3427 274 3492 fructum
297 3449 367 3493 esse
390 3429 525 3496 laturos.
570 3429 657 3494 Nam
681 3429 709 3492 si
735 3427 798 3492 iste
826 3428 859 3492 id
886 3428 1030 3514 fecisset,
1058 3428 1144 3513 quod

131 3515 222 3600 prius
241 3519 410 3603 statuerat,
429 3521 549 3584 utnon
569 3518 705 3603 adesset,
724 3517 830 3582 minus
850 3517 1027 3604 aliquanto,
1046 3540 1144 3602 quam
