2524 3876
412 212 490 268 cAP.
509 219 579 270 s-5
598 219 613 279 a
633 219 746 268 11-18.
1065 215 1086 279 5

78 377 175 441 saepe
208 361 377 441 suspectus
408 355 557 432 Quinctio
584 354 727 424 Naevius
759 357 876 423 fuisset
906 380 1010 443 neque
1041 359 1090 424 ita

77 445 246 510 commode
264 449 378 530 posset
395 446 556 511 rationem
579 446 710 511 reddere
734 468 845 512 earum
868 468 985 531 rerum,
1008 469 1089 531 quas

77 533 222 618 libidine,
239 555 306 598 non
323 533 451 600 ratione
469 539 625 621 gesserat,
643 534 781 600 moritur
798 535 833 598 in
847 534 956 600 Gallia
972 533 1090 610 Quino-

76 621 157 700 tius,
194 643 267 686 oum
309 622 437 688 adesset
472 622 629 707 Naevius,
667 625 700 688 et
740 623 879 688 moritur
910 624 1088 709 repentino.

52 709 240 775 ⁵Heredem
267 713 464 776 testamento
490 710 625 794 reliquit
650 711 736 776 hunc
758 711 794 777 P.
818 710 1016 796 Quinctium,
1043 715 1089 794 ut,

80 797 120 863 ad
150 819 248 883 quem
280 820 425 864 summus
456 821 585 864 maeror
617 802 721 864 morte
754 821 813 864 sua
847 799 1011 884 veniebat,
1049 800 1089 864 ad

79 885 215 951 eundem
229 908 375 952 summus
388 888 492 953 honos
507 909 634 972 quoque
647 887 840 972 perveniret.
866 886 935 963 Quo
950 892 1088 973 mortuo,
1109 907 1142 957 15

75 996 136 1040 nec
158 974 207 1038 ita
225 975 329 1040 multo
348 978 432 1060 post,
454 975 489 1039 in
514 973 657 1040 Galliam
677 975 894 1060 proficiscitur
912 974 1090 1060 Quinctius,

76 1062 125 1127 ibi
148 1083 220 1129 cum
243 1063 308 1128 isto
333 1062 485 1146 [Naevio]
508 1063 715 1128 familiariter
738 1063 828 1128 vivit.
868 1062 1000 1128 Annum
1022 1063 1090 1129 fere

37 1154 244 1235 rounasuut,
261 1155 385 1217 sumet
404 1151 442 1217 de
461 1151 617 1217 societate
635 1152 741 1217 multa
758 1151 844 1218 inter
862 1169 897 1216 se
915 1151 1091 1218 communi·

76 1242 190 1304 carent
222 1241 256 1304 et
288 1240 327 1304 de
358 1243 431 1306 tota
461 1240 520 1305 illa
550 1239 677 1305 ratione
709 1243 807 1326 atque
838 1262 874 1305 re
907 1239 1090 1324 Gallicana3

75 1325 1091 1501 tltttlttJtlltmlldejllaltlltltnl

76 1503 237 1569 debuisse.
274 1502 355 1569 (lum
374 1503 459 1569 aeris
478 1504 577 1570 alieni
595 1504 799 1589 aliquantum
822 1508 908 1570 esset
930 1505 1089 1588 relictum,

36 1591 196 1677 aquibus
221 1592 409 1658 nominibus
436 1593 607 1677 pecuniam
633 1591 757 1658 Romae
787 1593 894 1659 curari
916 1597 1092 1678 oporteret,

76 1680 262 1746 auctionem
283 1679 319 1746 in
337 1678 447 1746 Gallia
468 1680 504 1745 P.
518 1681 572 1746 hio
586 1679 754 1756 Quinctius
772 1679 926 1746 Narbone
941 1702 976 1745 se
989 1681 1090 1746 factu·

73 1791 150 1834 rum
178 1790 248 1835 esse
275 1769 451 1854 proscribit
477 1791 588 1834 aarum
615 1790 737 1854 rerum,
769 1791 851 1854 quae
873 1769 975 1852 ipsius
999 1773 1092 1833 erant

73 1858 233 1943 privatae.
271 1857 325 1923 Ibi
346 1862 418 1922 tum
440 1858 491 1923 vir
513 1857 656 1942 optimus
675 1855 746 1922 Sex.
764 1857 907 1924 Naevius
925 1856 1090 1922 hominem
1111 1876 1144 1928 lc

75 1946 191 2011 multis
219 1944 328 2011 verbis
356 1945 511 2029 deterret,
538 1967 579 2011 ne
607 1946 823 2029 auctionatum
851 1967 924 2010 eum
950 1967 1018 2010 non
1044 1945 1092 2010 ita

32 2053 60 2093 so
75 2034 247 2100 commode
256 2054 354 2119 posse
363 2056 401 2100 eo
417 2039 574 2120 tempore,
590 2055 654 2119 quo
667 2033 923 2119 proscripsisset,
941 2033 1093 2118 vendere;

74 2123 203 2188 Romae
227 2121 291 2187 sibi
313 2144 520 2188 nummorum
542 2121 734 2188 facultatem
757 2143 837 2203 esse,
860 2144 966 2206 quam,
992 2121 1021 2186 si
1044 2143 1093 2186 sa-

73 2214 182 2313 peret,
205 2232 409 2312 communem
432 2211 634 2312 existimaret
655 2232 716 2295 pro
739 2209 885 2362 fratpma
907 2209 966 2311 illa
984 2231 1093 2313 neces-

52 2298 794 2453 .:blattaltttllltbsssa
809 2348 843 2450 a
856 2297 1093 2452 3³3⁰th

31 2493 58 2535 as
73 2475 171 2559 Quia,
191 2475 278 2560 quod
300 2474 407 2541 virum
424 2475 546 2541 bonnm
564 2474 670 2540 facere
690 2475 871 2559 oportebat,
889 2473 922 2538 id
940 2473 1092 2558 loqueba

71 2569 131 2630 tur
159 2562 318 2648 Naevius,
344 2563 480 2629 credidit
509 2561 678 2638 Quinctius
710 2585 796 2646 eum,
829 2561 885 2647 qui
912 2562 1092 2628 orationem

71 2653 241 2719 bonorum
262 2651 456 2736 imitaretur,
477 2652 567 2717 facta
585 2673 712 2736 quoque
730 2651 949 2734 imitaturum
973 2651 1092 2716 auctio-

71 2762 154 2806 nem
172 2740 256 2806 velle
274 2740 380 2806 facere
399 2739 537 2824 desistit,
559 2739 699 2806 Romam
716 2739 945 2824 proficiscitur,
969 2738 1093 2803 decedit

71 2852 114 2894 ex
150 2827 261 2894 Gallia
292 2828 433 2894 Romam
468 2828 566 2897 simul
597 2827 751 2894 Naevius.
804 2825 886 2893 (lum
921 2826 1091 2912 pecuniam
1112 2845 1145 2896 17

29 2937 58 2976 ao
74 2916 112 2982 O.
138 2915 310 2991 Quinctius
332 2916 368 2981 P.
392 2915 549 3001 Scapulae
573 2915 747 3001 debuisset,
769 2937 827 3001 per
849 2918 893 3000 te,
915 2913 949 2981 O.
970 2913 1093 2999 Aquili,

72 3005 198 3071 decidit
232 3002 269 3070 P.
301 3003 484 3089 Quinctius,
519 3004 597 3089 qnid
632 3005 744 3070 liberis
781 3004 849 3069 eius
892 3002 1092 3067 dissolveret¹

71 3095 150 3160 Hoc
174 3113 212 3159 eo
234 3115 295 3179 per
316 3096 349 3158 te
369 3093 536 3178 agebatur,
559 3092 797 3178 quodpropter
816 3091 975 3157 aerariam
994 3088 1092 3154 ratio·

72 3205 153 3248 nem
179 3203 248 3247 non
275 3183 357 3247 satis
390 3184 461 3246 erat
490 3181 527 3246 in
555 3181 679 3246 tabulis
710 3180 902 3266 inspexisse,
934 3181 1092 3262 quantum

75 3272 261 3354 deberetur,
283 3269 348 3334 uisi
361 3270 403 3335 ad
417 3267 563 3336 Castoris
575 3269 766 3354 quaesisses,
783 3270 941 3353 quantum
955 3267 1093 3332 solvere·

29 3376 57 3417 ³⁶
72 3363 141 3425 tur.
170 3358 303 3424 Decidis
320 3358 502 3442 statuisque
515 3361 553 3422 tu
566 3363 701 3444 propter
716 3353 995 3440 necessitudinem,
1010 3378 1092 3439 quae

71 3449 140 3514 tibi
160 3470 234 3513 oum
253 3443 400 3531 Scapulis
420 3450 479 3531 est,
501 3446 579 3531 quid
596 3446 638 3511 iis
657 3446 699 3511 ad
717 3445 882 3510 denarium
902 3445 1044 3511 solveret
1085 3493 1091 3508 .

144 3535 236 3602 Haec
264 3534 374 3599 omnia
395 3531 563 3611 Quinctius
592 3535 712 3620 agebat
739 3537 870 3600 auctore
898 3537 930 3598 et
959 3554 1091 3600 cousua-
1110 3510 1144 3634 ᾗ
