2600 3878
351 197 418 253 LlB.
438 199 477 252 ΠΙ
504 197 580 253 OAP.
601 205 705 254 90-92
725 205 741 266 5
760 205 910 258 210-215.
1073 207 1137 272 357

124 343 167 410 Μ.
181 340 307 408 Antoni
325 342 596 408 aestumationem
613 343 770 410 frumenti
794 347 1059 434 exactionemque
1082 373 1138 436 pe-

126 431 239 498 cuniae
272 435 482 496 revocaturus
517 432 574 496 es?
625 431 719 517 ‘Ita'‚
753 434 874 520 inquit,
907 437 965 501 ‘ad
991 438 1138 525 Antoni'3

125 522 188 587 hoc
206 520 292 586 enim
316 520 398 584 mihi
420 519 620 606 significasse
643 524 677 586 et
700 521 850 588 adnuisse
873 525 962 592 visus
986 531 1046 592 est.
1086 529 1137 596 Ex

126 610 277 675 omnibns
300 609 402 694 igitur
424 609 641 694 praetoribus
664 611 861 696 consulibus,
883 613 1136 699 imperatoribus

98 698 169 764 sM.
187 697 368 784 Antonium
397 697 548 783 delegisti
575 700 608 762 et
636 698 704 762 eius
732 721 832 765 unum
857 701 1136 786 improbissimum

125 787 263 870 factum,
291 786 378 871 qnod
404 785 583 850 imitarere!
623 785 669 851 Et
695 787 749 853 hic
772 791 882 853 utrum
900 790 982 854 mihi
1005 791 1137 860 difficile

126 879 177 940 est
195 875 299 940 dicere
318 897 361 940 an
378 875 430 938 his
450 875 636 939 existimare
654 875 702 940 ita
725 897 760 940 se
782 877 817 940 in
839 877 903 942 isto
927 878 1055 944 infinito
1077 881 1137 947 im·

125 965 216 1050 perio
236 963 278 1028 Μ.
293 962 474 1028 Antonium
493 963 642 1049 gessisse,
664 967 702 1029 ut
720 965 825 1029 multo
844 965 901 1030 isti
923 968 1135 1052 perniciosius
1237 1033 1240 1040 .

126 1053 170 1118 sit
189 1052 293 1117 dicere
313 1072 347 1116 se
365 1052 401 1116 in
417 1073 453 1116 re
471 1051 715 1136 improbissima
737 1053 880 1118 voluisse
898 1054 941 1120 M.
956 1055 1136 1123 Antonium

86 1161 112 1200 ro
125 1140 257 1225 imitari,
281 1161 379 1224 quam
403 1140 431 1204 si
453 1145 566 1224 posset
588 1139 758 1206 defendere
780 1142 862 1206 nihil
886 1143 922 1207 in
943 1144 1013 1209 vita
1036 1166 1070 1210 sa
1093 1145 1136 1214 M.

125 1229 251 1294 Antoni
269 1229 375 1293 simile
393 1228 530 1294 fecisse?
566 1227 724 1294 Homines
742 1230 777 1293 in
799 1231 925 1296 iudiciis
949 1232 991 1296 ad
1013 1234 1137 1300 crimen

126 1317 374 1398 defendendum,
396 1339 464 1381 non
482 1316 559 1400 quid
580 1316 695 1382 fecerit
718 1318 894 1404 quispiam,
916 1320 1062 1404 proferre
1086 1344 1137 1388 so-

124 1407 202 1490 lent,
226 1406 282 1470 sed
301 1405 379 1490 quid
395 1405 553 1490 probarit.
590 1405 779 1490 Antonium,
802 1429 875 1472 cum
894 1409 999 1474 multa
1023 1415 1136 1476 contra

125 1494 287 1560 sociorum
310 1495 465 1578 salutem,
489 1494 594 1559 multa
617 1498 730 1560 contra
751 1495 930 1561 utilitatem
953 1500 1136 1582 provincia-

85 1601 111 1643 rs
124 1605 198 1648 rum
217 1585 250 1646 et
271 1582 394 1647 faceret
417 1586 450 1647 et
474 1583 643 1669 cogitaret,
665 1583 701 1646 in
723 1583 837 1648 mediis
860 1584 986 1650 iniuriis
1010 1587 1078 1653 cius
1103 1593 1136 1652 et

125 1670 358 1756 cupiditatibus
386 1691 474 1735 mors
498 1671 669 1756 oppressit.
714 1670 764 1735 Tu
787 1671 881 1757 mihi,
910 1674 1003 1757 qnasi
1026 1677 1136 1740 omnia

126 1760 194 1824 eius
227 1757 316 1824 facta
347 1762 445 1842 atque
477 1759 613 1824 consilia
645 1763 791 1844 senatus,
823 1762 978 1846 populus,
1013 1763 1134 1829 indices

126 1846 371 1932 conprobarint,
397 1848 446 1912 ita
467 1846 511 1912 M.
530 1847 655 1912 Antoni
677 1848 823 1932 exemplo
847 1849 943 1914 istius
967 1850 1135 1917 andaciam

126 1935 293 2001 defendis?

84 2043 112 2084 ao
192 2024 239 2088 At
256 2022 342 2088 idem
359 2024 438 2088 fecit
457 2023 622 2090 Sacerdos.
662 2024 837 2090 Hominem
855 2026 1061 2093 innocentem
1084 2032 1117 2093 et
1136 1998 1187 2124 ,iffi

126 2134 253 2178 summa
279 2112 452 2198 prudentia
478 2113 661 2198 praeditum
683 2114 847 2198 nominas;
875 2114 932 2178 sed
954 2119 1026 2181 tum
1048 2116 1134 2183 idem

124 2202 240 2268 fecisse
272 2201 335 2266 erit
366 2201 622 2286 existumandus,
654 2201 682 2266 si
710 2203 822 2267 eodem
849 2203 985 2268 consilio
1012 2204 1134 2271 fecerit.

125 2289 211 2354 Nam
240 2310 341 2375 genus
370 2289 606 2355 aestimationis
633 2290 741 2375 ipsum
765 2312 784 2355 a
807 2313 858 2354 me
882 2313 1061 2376 numquam
1084 2299 1135 2360 est

125 2378 366 2462 reprehensum,
389 2378 445 2442 sed
464 2378 532 2442 eins
551 2379 698 2462 aequitas
720 2382 886 2445 aratorum
909 2383 1078 2447 commodo
1102 2388 1135 2448 et

85 2483 112 2525 as
125 2467 295 2531 voluntate
326 2467 545 2550 perpenditur.
594 2465 671 2531 Non
701 2471 812 2552 potest
843 2469 1035 2552 reprehendi
1065 2472 1135 2536 ulla

126 2554 334 2635 aestumatio,
363 2576 445 2639 quae
473 2555 595 2620 aratori
621 2577 688 2620 non
713 2557 809 2621 modo
836 2556 1042 2624 incommoda
1067 2583 1135 2625 non

126 2647 190 2726 est,
214 2643 270 2707 sed
293 2642 392 2708 etiam
415 2647 511 2728 grata
534 2646 592 2708 est.
637 2642 793 2710 Sacerdos
816 2649 854 2710 ut
875 2646 911 2711 in
932 2648 1134 2732 provinciam

125 2732 229 2817 venit,
259 2730 457 2797 frumentum
488 2733 523 2797 in
553 2732 670 2798 cellam
701 2733 883 2818 imperavit.
933 2734 1015 2800 Cum
1049 2741 1134 2800 esset

126 2824 202 2886 ante
228 2841 349 2885 novum
376 2819 479 2885 tritici
504 2821 631 2887 modius
660 2821 800 2887 denariis
823 2841 856 2907 v,
883 2823 1068 2906 petiverunt
1092 2824 1133 2888 ab

84 2925 112 2967 ³⁰
125 2931 163 2974 eo
182 2909 341 2993 civitates
364 2912 401 2973 ut
424 2912 630 2974 aestumaret.
671 2909 850 2975 Remissior
873 2911 1042 2993 aliquanto
1065 2912 1133 2976 eius

124 2997 188 3063 fuit
224 2997 409 3062 aestimatio
446 3019 543 3082 quam
580 3019 722 3083 annona3
757 3020 833 3064 nam
866 2999 1052 3064 aestimavit
1084 3000 1135 3064 de-

123 3085 225 3150 nariis
248 3104 296 3150 111.
332 3084 433 3150 Vides
456 3087 590 3152 eandem
614 3086 875 3152 aestimationem
897 3091 1032 3172 propter
1055 3091 1134 3153 tem·

124 3174 214 3258 poris
242 3174 539 3240 dissimilitudinem
565 3176 600 3240 in
626 3176 685 3240 illo
712 3174 818 3239 laudis
847 3196 977 3240 causam
1004 3176 1134 3262 habere,

124 3262 158 3326 in
176 3266 210 3327 te
229 3263 382 3347 criminis,
400 3263 435 3328 in
452 3263 511 3329 illo
530 3263 686 3349 beneficii,
704 3262 740 3327 in
756 3266 790 3326 te
807 3262 954 3328 iniuriae.
990 3264 1116 3330 Eodem
1135 3285 1186 3334 215

83 3365 110 3408 ss
124 3352 270 3435 tempore
285 3351 447 3417 Antonius
467 3352 607 3417 denariis
628 3370 666 3416 111
689 3350 875 3416 aestimarit
897 3356 974 3438 post
996 3375 1135 3419 messem

125 3459 253 3502 summa
265 3439 302 3503 in
314 3440 452 3524 vilitate,
470 3462 544 3506 cnm
559 3443 705 3506 aratores
719 3439 917 3506 frumentum
935 3441 1011 3508 dare
1030 3443 1134 3529 gratis

123 3527 274 3613 mallent,
311 3531 344 3592 et
381 3528 489 3594 aiebat
521 3551 555 3593 se
586 3527 746 3594 tantidem
779 3529 983 3618 aestimasse,
1021 3531 1135 3617 quanti
