2604 3880
172 202 236 266 184
466 200 506 255 IN
526 200 555 258 Ο.
573 199 727 256 VERREM
745 199 824 257 ACT.
843 200 879 256 ΙΙ.

170 343 281 412 Sicilia
295 345 333 410 de
347 345 566 411 hereditatum
579 346 838 429 possessionibus
854 345 968 410 dandis
977 345 1076 410 edixit
1084 345 1184 429 idem,

170 434 256 517 quod
301 455 412 500 omnes
453 434 577 500 Romae
617 438 746 519 prester
786 434 896 498 istum.
953 433 1009 499 Ex
1048 452 1182 500 earcuo

188 519 385 588 Srcmmusu
431 520 466 588 Si
488 541 536 588 nu
559 539 786 588 manumissis
808 539 1004 588 rueramus
1038 558 1090 587 —.

235 611 300 694 Ac,
326 633 385 696 per
412 611 489 676 deos
511 612 727 676 immortales!
755 610 832 695 quid
855 616 919 694 est,
946 611 1033 696 quod
1056 611 1094 676 de
1117 610 1183 676 hoc

117 666 251 764 ¹1adici
272 699 400 784 possit?
427 700 552 766 Iterum
575 701 661 764 enim
687 699 754 764 iem
782 721 902 784 quaero
933 700 1062 784 abste,
1094 699 1210 765 siouts

168 787 265 853 modo
288 787 323 852 in
345 789 404 853 illo
427 789 534 874 eapite
557 788 708 854 Anniano
733 787 771 852 de
794 788 968 854 mulierum
990 787 1181 852 hereditati-

168 876 244 959 bus,
271 898 358 942 nunc
380 877 415 941 in
436 877 499 943 hoo
522 877 560 942 ds
582 876 801 941 hereditatum
823 876 1095 962 possessionibus,
1122 898 1181 941 cur

169 985 207 1029 ea
234 965 342 1049 capita
368 966 403 1030 in
430 965 570 1030 edictum
597 964 795 1050 provinciale
822 963 999 1030 transferre
1025 964 1181 1030 nolueris.

167 1050 288 1119 Utrum
306 1053 469 1138 digniores
487 1053 636 1118 homines
655 1053 851 1118 existimasti
868 1075 932 1136 eos,
956 1053 1012 1136 qui
1027 1052 1181 1118 habitunt

167 1141 203 1205 in
224 1141 404 1225 provincie,
427 1162 525 1224 quam
547 1163 621 1222 nos,
643 1141 699 1226 qui
722 1163 824 1227 eequo
847 1141 917 1206 iure
939 1145 1112 1223 uteremur,
1136 1163 1180 1205 an
1196 1161 1221 1199 ιο

168 1228 256 1293 eliud
274 1227 398 1293 Romae
421 1249 559 1312 aequum
582 1233 641 1310 est,
665 1230 753 1294 aliud
775 1231 809 1294 in
828 1227 961 1295 Sicilia?
997 1227 1074 1294 Non
1092 1229 1180 1296 eninr

166 1317 229 1382 hoc
260 1319 370 1399 potest
400 1316 464 1381 boc
494 1317 566 1382 loco
599 1318 675 1400 dici,
707 1319 811 1383 multe
843 1339 914 1383 esse
940 1317 976 1382 in
1002 1317 1179 1402 provinciis

168 1405 264 1468 eliber
287 1403 451 1488 edicende;
478 1426 545 1470 non
568 1406 606 1471 de
629 1407 846 1471 hereditatum
870 1405 1001 1489 quidem
1022 1405 1180 1490 possessi-

167 1491 294 1575 onibus,
315 1512 382 1557 non
404 1492 443 1556 ds
462 1494 634 1558 mulierum
652 1493 897 1559 hereditatibus.
933 1492 965 1558 N
967 1515 1020 1558 am
1038 1497 1179 1576 utroque

167 1600 284 1732 genlere
306 1580 399 1734 Q
421 1602 489 1647 non
511 1583 607 1735 nssodo
625 1581 843 1735 §iterii-sid
860 1587 894 1647 te
912 1581 1178 1744 ipsulntlotgem
1194 1600 1220 1639 1⁵

165 1690 221 1732 ver
244 1691 313 1734 ise
400 1691 443 1753 se,
466 1692 529 1755 quo
568 1693 625 1735 ver
648 1693 676 1734 rs
700 1692 716 1734 e
739 1692 781 1736 ror
834 1692 926 1735 omae
950 1691 985 1734 so
1000 1691 1042 1734 e.
1117 1691 1178 1734 uas

166 1755 289 1823 Romae
318 1779 438 1844 magns
467 1779 540 1823 cum
568 1758 703 1823 infamia
730 1758 835 1843 pretio
863 1761 995 1842 accepto
1023 1757 1179 1840 edixeras,

166 1866 205 1910 ea
232 1847 304 1911 sola
326 1850 372 1929 te,
402 1868 443 1912 ne
470 1846 574 1933 gratis
601 1846 636 1911 in
662 1847 829 1930 provincia
854 1847 939 1911 mele
967 1845 1109 1929 audires,
1139 1866 1179 1910 ex

167 1933 271 2000 edicto
295 1933 456 2000 Siciliensi
479 1935 650 2000 sustulisse
672 1934 775 2000 video.
1294 2007 1298 2024 ,

116 2035 165 2084 119
232 2022 278 2088 Et
310 2046 384 2088 cum
416 2023 555 2089 edictum
587 2027 695 2088 totum
728 2044 839 2088 eorum
870 2023 1046 2106 arbitratu,
1079 2044 1176 2106 quem
1192 2041 1220 2080 so
1297 2053 1298 2074 i

170 2111 225 2176 diu
247 2111 312 2176 fuit
339 2111 542 2197 designatus,
569 2115 790 2196 componeret,
817 2111 873 2195 qui
899 2112 941 2176 ab
967 2112 1033 2176 isto
1060 2111 1110 2175 ius
1138 2110 1180 2175 ad
1297 2121 1298 2176 ὲ

165 2199 344 2265 utilitatem
367 2220 460 2264 suem
482 2200 746 2282 nundinarentur,
768 2203 838 2263 tum
857 2221 933 2264 vero
952 2199 987 2263 in
1005 2200 1177 2284 magistre·
1297 2217 1298 2280 p

165 2291 203 2351 tu
217 2292 331 2352 contra
346 2286 429 2351 illud
445 2287 554 2371 ipsum
572 2288 712 2352 edictum
731 2309 825 2351 suum
844 2287 913 2352 sine
930 2288 1000 2352 ulla
1017 2287 1177 2372 religione

166 2375 368 2439 decernebat.
417 2373 533 2459 Itaque
559 2375 594 2440 L.
620 2375 696 2440 Piso
725 2376 847 2440 multos
875 2375 999 2441 codices
1026 2375 1177 2460 implevit
1297 2399 1298 2404 ¹

167 2483 408 2545 serumserum,
428 2463 464 2527 in
477 2464 593 2546 quibus
612 2464 660 2528 ite
678 2463 871 2547 intercessit,
890 2463 976 2547 quod
993 2463 1057 2527 iste
1071 2464 1176 2547 aliter,
1191 2480 1220 2520 rs

167 2555 264 2634 etque
291 2554 329 2614 ut
352 2551 510 2635 edixerat,
538 2551 745 2636 decrevisset3
771 2551 857 2635 quod
878 2573 937 2616 vos
961 2551 1082 2616 oblitos
1106 2573 1176 2617 esse

165 2657 231 2704 non
258 2637 415 2722 arbitror,
446 2661 528 2723 quee
560 2639 749 2722 multitudo,
780 2641 836 2723 qui
868 2639 947 2704 ordo
980 2639 1021 2704 ad
1046 2638 1176 2705 Pisonis

167 2727 281 2792 sellam
305 2727 370 2792 isto
394 2732 544 2812 praetore
568 2728 683 2793 solitus
707 2727 751 2791 sit
778 2728 962 2810 convenire3
991 2749 1085 2812 quem
1112 2728 1177 2792 iste

166 2816 328 2901 collegam
355 2816 419 2881 nisi
441 2816 623 2899 habuisset,
653 2815 815 2900 lapidibus
839 2819 1010 2900 coopertus
1033 2819 1120 2882 esset
1140 2815 1177 2880 in

165 2904 246 2969 foro.
288 2901 351 2969 Sed
374 2927 412 2971 eo
435 2905 572 2970 leviores
594 2905 690 2969 istius
710 2904 847 2970 iniurius
865 2904 1067 2989 videbantur,
1090 2905 1177 2988 quod
1190 2921 1218 2960 ³0

167 2996 238 3058 erat
264 2993 300 3058 in
327 2994 491 3078 aequitate
518 2993 752 3078 prudentiaque
775 2992 902 3058 Pisonis
932 2993 1178 3079 paratissimum
1257 3031 1262 3043 ·

165 3080 361 3167 perfugium,
384 3103 447 3166 quo
471 3081 539 3146 sine
562 3081 684 3164 labore,
707 3082 776 3146 sine
794 3081 954 3165 molestis,
978 3082 1047 3145 sins
1065 3081 1177 3166 inpen-

115 3189 165 3238 120
184 3191 230 3249 sa,
245 3169 344 3234 etiam
354 3170 423 3234 sine
432 3172 571 3253 patrono
581 3169 729 3234 homines
739 3174 915 3234 uterentur.
938 3168 1033 3252 Nam,
1047 3190 1177 3254 quaeso,

165 3256 269 3320 redite
287 3257 322 3321 in
340 3257 538 3339 memoriam,
560 3258 690 3341 iudices,
714 3280 796 3343 quse
814 3257 915 3322 libido
933 3257 1028 3322 istius
1051 3258 1086 3322 in
1107 3257 1177 3322 iuro

165 3342 303 3408 dicundo
325 3343 433 3425 fuerit,
455 3365 538 3426 ques
560 3346 702 3410 varietes
726 3346 937 3428 decretorum,
960 3366 1042 3429 quae
1064 3345 1177 3410 nundi·
1192 3362 1219 3402 ³⁵

164 3431 265 3512 netio,
288 3453 386 3513 quem
408 3432 520 3495 inanes
540 3432 655 3496 domus
674 3455 786 3498 eorum
804 3433 958 3517 omnium,
980 3434 1036 3517 qui
1055 3435 1093 3498 de
1107 3433 1178 3499 iure

165 3517 254 3580 civili
272 3517 397 3581 consuli
416 3518 532 3600 solent,
557 3540 655 3600 quem
674 3521 771 3603 plene
789 3542 827 3586 ec
841 3520 962 3586 referta
976 3521 1177 3606 Chelidonis3
