2604 3880
160 145 223 210 158
456 141 496 195 m
515 140 543 196 c.
563 139 717 197 vassen
735 138 815 195 sor.
834 139 868 196 n

157 289 275 374 impias
297 308 336 354 ac
353 285 530 370 sacrilegas
549 285 663 350 afferre
682 288 820 350 conatus
836 284 892 349 es?
928 281 1012 352 siin
1024 286 1166 370 pueritia

156 398 223 442 non
248 375 289 440 iis
317 374 442 440 artibus
470 394 507 438 ao
535 372 713 458 disciplinis
740 371 911 438 institutus
938 395 1023 457 eras,
1052 377 1090 440 ut
1117 397 1165 458 ea,

157 485 239 548 quae
256 461 375 528 litteris
394 461 548 526 mandata
566 465 652 546 sunt,
672 460 810 526 disceres
829 464 927 544 atque
945 482 1166 547 cognosceres,

156 573 197 617 ne
219 554 334 636 postea
357 549 494 634 quidem,
517 571 590 614 cum
605 547 640 613 in
654 570 693 614 ea
705 549 778 634 ipsa
791 549 864 615 loca
877 548 1005 634 venisti,
1026 549 1163 634 potuist’

157 639 300 724 accipere
327 638 374 722 id,
401 637 487 721 quod
514 640 564 702 est
590 636 755 722 proditum
782 636 938 702 memoria
961 659 1000 704 ac
1021 637 1193 705 litterisis

102 747 138 798 48
156 727 318 793 Latonam
345 747 384 791 ex
410 726 510 810 longo
538 745 646 790 errore
673 728 707 790 et
731 723 812 810 fuga
839 724 1007 810 gravidam
1034 729 1068 790 et
1097 725 1164 790 iam

157 816 198 881 ad
229 813 419 900 pariendum
450 812 652 897 temporibus
682 812 803 878 exactis
833 811 1018 898 confugisse
1045 812 1164 878 Delum

157 908 255 987 atque
286 902 333 968 ibi
364 900 551 986 Apollinem
577 901 781 984 Dianamque
812 901 990 985 peperisse3
1026 923 1090 985 qua
1125 922 1164 965 ex

156 991 308 1077 opinione
320 989 488 1055 hominum
501 989 560 1054 illa
573 989 681 1053 insula
696 1010 808 1054 eorum
822 988 954 1055 deorum
964 1010 1057 1055 sacra
1071 991 1164 1074 puta·

156 1085 223 1163 tur3
237 1082 393 1162 tantaque
411 1077 479 1142 eius
498 1077 676 1152 auctoritas
694 1076 862 1164 religionis
881 1080 915 1140 et
928 1081 979 1142 est
993 1081 1026 1142 et
1038 1098 1165 1162 semper
1179 1105 1208 1146 ro

155 1167 228 1250 fuit,
251 1170 288 1232 ut
310 1188 351 1231 ne
373 1164 491 1230 Persae
514 1165 657 1248 quidem,
679 1185 752 1230 cum
774 1164 897 1230 bellum
919 1164 984 1232 toti
1002 1163 1165 1250 Graeciae,

157 1255 206 1319 dis
228 1252 479 1335 hominibusque
501 1251 694 1318 indixissent
716 1255 750 1317 et
772 1251 862 1317 mille
879 1273 1014 1318 numero
1032 1253 1164 1318 navium

156 1342 293 1409 classem
320 1341 363 1406 ad
383 1340 502 1405 Delum
530 1341 748 1424 appulissent,
772 1339 943 1424 quicquam
971 1344 1164 1406 conarentur

157 1432 214 1494 aut
235 1428 359 1494 violare
382 1431 440 1493 aut
462 1427 633 1513 attingere.
677 1427 808 1492 Hoetu
833 1427 945 1492 fanum
973 1428 1164 1512 depeculari,

156 1517 254 1582 homo
281 1515 522 1600 improbissime
544 1519 642 1600 atque
664 1514 893 1599 amentissime,
916 1515 1079 1582 audebas?
1101 1515 1165 1580 fuit
1179 1541 1207 1584 rs

156 1605 226 1670 ulla
257 1603 417 1689 cupiditas
441 1607 549 1687 tanta,
579 1625 661 1688 quae
687 1606 816 1668 tantam
843 1603 1065 1688 exstingueret
1091 1603 1190 1668 reli-¹

157 1693 309 1778 gionem‘?
357 1692 403 1758 Et
434 1692 463 1757 si
493 1696 564 1757 tum
595 1691 676 1756 haec
706 1712 774 1757 non
800 1691 983 1776 cogitabas,
1008 1713 1054 1771 ⁸ne
1079 1713 1164 1756 nunc

158 1780 287 1864 quidem
314 1778 493 1846 recordaris
515 1779 643 1844 nullum
666 1800 736 1844 erse
758 1781 887 1844 tantum
910 1779 1046 1862 malum,
1078 1779 1164 1864 quod

106 1889 224 1979 19non
246 1867 308 1933 tibi
330 1890 389 1952 pro
412 1867 588 1933 sceleribus
612 1867 678 1931 tuis
700 1867 766 1932 iam
789 1866 844 1931 diu
867 1866 1044 1932 debeatur?

104 1992 138 2042 49
223 1955 264 2026 In
286 1954 401 2020 Asiam
426 1977 503 2021 vero
530 1958 706 2041 postquam
733 1953 835 2038 venit,
866 1955 942 2038 quid
965 1975 1025 2040 ego
1049 1954 1163 2018 adven-
1179 1982 1207 2024 so
1288 2011 1301 2034 ,

158 2046 212 2108 tus
230 2043 336 2124 istius,
355 2043 500 2128 prandia,
522 2063 627 2126 cenas,
649 2063 748 2125 equos
764 2063 959 2126 muneraque
973 2063 1164 2108 commemo

157 2130 248 2196 rem?
270 2130 353 2194 nihil
372 2152 444 2196 cum
457 2129 560 2194 Verre
581 2129 619 2194 de
638 2129 808 2196 cotidianis
819 2130 1014 2195 criminibus
1033 2133 1164 2195 acturus

158 2239 244 2302 sum3
267 2215 348 2282 Chio
371 2238 429 2300 per
452 2216 517 2281 vim
543 2217 637 2302 signa
654 2216 873 2302 pulcherrima
891 2218 961 2284 dico
981 2217 1165 2301 abstulisse,

157 2305 236 2368 item
266 2303 419 2388 Erythris
456 2306 489 2368 ct
524 2304 765 2370 Halicarnasso.
818 2303 945 2370 Tenedo
982 2303 1164 2390 (praetereo

157 2391 341 2476 pecuniam,
376 2412 474 2474 quam
506 2391 638 2477 eripuit)
671 2392 791 2458 Tenem
829 2391 951 2477 ipsum,
987 2392 1043 2477 qui
1079 2392 1165 2477 apud
1179 2419 1207 2462 re

157 2477 315 2543 Tenedios
338 2478 560 2544 sanctissimus
577 2479 662 2544 deus
684 2480 836 2565 habetur,
859 2480 915 2564 qui
936 2480 1049 2546 urbem
1071 2480 1166 2545 illam

157 2566 275 2631 dicitur
301 2566 494 2651 condidisse,
522 2567 612 2632 cuius
638 2589 679 2632 ex
699 2569 829 2633 nomine
852 2568 998 2633 Tenedus
1019 2568 1165 2634 nomina·

157 2657 220 2738 tur,
242 2654 328 2719 hunc
349 2654 466 2739 ipsum,
487 2654 630 2738 inquam,
653 2655 773 2719 Tenem
795 2654 1011 2740 pulcherrime
1031 2653 1165 2740 factum,

157 2763 253 2825 quem
287 2742 449 2826 quondam
475 2741 510 2805 in
539 2741 671 2807 comitio
701 2742 843 2827 vidistis,
876 2743 1013 2807 abstulit
1044 2764 1164 2828 magno

104 2838 138 2889 oo
157 2851 229 2894 cum
260 2829 384 2915 gemitu
415 2829 566 2895 civitatis.
615 2828 680 2894 Illo
706 2851 782 2895 vero
810 2829 965 2914 expilatio
991 2829 1061 2895 fani
1084 2830 1165 2896 anti·
1179 2858 1208 2900 so

157 2916 305 2999 quissimi
328 2921 361 2982 et
383 2916 581 2982 nobilissimi
597 2917 730 2982 Iunonis
754 2915 881 2984 Samiae
900 2938 997 3001 quam
1015 2918 1165 2983 luctuosa

157 3001 274 3070 Samiis
296 3004 369 3088 fuit,
391 3026 490 3089 quam
509 3005 625 3071 acerba
642 3005 708 3070 toti
725 3004 833 3088 Asiae,
856 3027 954 3090 quam
972 3005 1062 3071 clara
1079 3006 1166 3091 apud

157 3112 282 3176 omnes,
310 3114 407 3176 quam
429 3092 551 3157 nemini
573 3097 718 3158 vestrum
739 3093 898 3158 inaudita!
942 3092 992 3158 De
1017 3115 1082 3178 qua
1111 3115 1165 3158 ex-

156 3177 313 3262 pilatione
336 3201 409 3244 cum
432 3180 535 3264 legati
558 3180 599 3245 ad
622 3179 656 3246 Ο.
678 3179 842 3246 Neronem
870 3180 905 3246 in
927 3179 1043 3246 Asiam
1066 3179 1165 3246 Samo

156 3265 329 3349 venissent,
350 3287 542 3351 responsum
565 3268 719 3352 tulerunt,
742 3268 810 3334 eius
832 3269 920 3334 modi
938 3268 1166 3353 querimonias,
1180 3293 1207 3336 aa

157 3373 238 3434 quae
262 3351 303 3416 ad
324 3352 471 3437 legatum
493 3355 608 3439 populi
629 3355 769 3421 Romani
791 3356 1006 3441 pertinerent,
1034 3378 1102 3422 non
1124 3357 1167 3421 ad

154 3442 352 3522 praetorem,
382 3440 439 3504 sed
465 3440 603 3506 Romam
631 3442 749 3508 deferri
777 3447 936 3529 oportere.
987 3442 1074 3522 Quas
1102 3444 1166 3510 iste
