2576 3882
371 175 440 232 nus.
459 176 497 238 11v
522 175 717 233 CAP.12-14
735 183 751 245 s
769 184 882 234 ao-as.
1064 181 1130 246 211

122 342 213 386 mum
235 342 323 387 *suae
351 321 450 408 leges·
500 320 593 397 Quod
620 321 698 388 civis
726 343 799 387 cum
827 322 890 388 civi
917 327 1043 409 ageret,
1074 329 1133 391 aut
1194 379 1198 388 ,

123 431 197 476 eum
215 409 363 494 iudicem,
382 431 478 495 quem
496 411 700 476 commodum
718 415 799 495 erat,
817 433 1019 497 praeconem,
1036 413 1132 479 haru-

123 497 258 583 spicem,
290 497 450 564 medicum
478 519 572 564 suum
600 499 713 583 dabat,
745 502 815 584 aut,
847 500 876 564 si
903 500 1032 587 legibus
1060 505 1132 568 erat

121 586 277 652 iudicium
303 587 520 653 constitutum
547 591 581 652 et
608 588 649 654 ad
675 586 779 655 ciram
802 608 896 653 suum
918 588 1057 656 iudicem
1079 611 1132 657 se-

94 679 250 759 onerant,
267 674 370 742 libere
388 675 452 741 cisi
467 675 611 757 iudicare
627 697 695 742 non
711 675 841 741 licebat.
872 675 1026 742 Edictum
1044 678 1132 744 eninr

121 762 265 829 hominis
296 764 495 851 cognoscite,
528 786 592 849 quo
624 764 728 830 edicto
761 765 871 830 omnia
897 765 1016 832 iudicia
1043 767 1131 832 rede

123 856 219 938 gerat
249 851 404 918 insuam
431 855 642 937 potestatem:
675 850 711 917 Sr
739 869 1016 930 curararum
1042 871 1131 921 rom·
1177 917 1180 923 .

123 955 267 1024 casseu,
294 955 335 1008 sn
363 956 607 1025 conmutatum
634 957 706 1006 cun
734 957 952 1026 coauossnr,
979 959 1131 1008 numan-

121 1045 317 1095 vnusunuu.
347 1027 450 1113 quue
468 1051 541 1094 cum
558 1028 709 1113 faciebat,
725 1050 820 1095 nemo
840 1030 1021 1115 dubitabat,
1043 1031 1131 1116 quin,

80 1132 109 1173 10
124 1136 198 1182 cum
224 1115 319 1183 iudex
346 1117 447 1183 alium
475 1117 515 1182 de
537 1139 596 1183 suo
619 1117 737 1184 iudicio
759 1122 892 1203 putaret
913 1118 1131 1184 iudicaturum
1159 1161 1163 1172 ·

123 1225 222 1289 seque
246 1204 281 1270 in
307 1226 345 1270 ao
372 1205 488 1291 capitis
511 1205 691 1291 periculum
718 1205 901 1291 aditurum,
925 1207 1130 1274 voluntatem

123 1297 300 1378 spectaret.
317 1293 400 1378 eiua,
433 1315 529 1378 quem
561 1295 675 1360 statim
707 1294 746 1359 de
776 1295 883 1380 capite
910 1317 969 1360 suo
998 1299 1130 1381 putaret

121 1381 348 1448 iudicaturum.
392 1378 510 1447 Selecti
533 1404 572 1448 ex
595 1386 754 1449 conventu
778 1387 835 1448 aut
858 1405 896 1448 ex
918 1384 1130 1470 negotiatori·
1147 1393 1183 1445 34

121 1469 183 1535 bus
214 1470 376 1556 propositi
401 1469 523 1564 iudices
549 1470 646 1555 nulli3
677 1471 757 1536 haec
785 1471 891 1557 eopia,
924 1494 1022 1556 quam
1049 1473 1131 1560 dico,

51 1596 55 1604 .
79 1571 107 1613 1⁵
121 1557 278 1642 iudicum,
306 1558 423 1624 cohors
445 1580 512 1623 non
534 1558 571 1635 Q.
591 1557 779 1641 Scaevolae,
804 1559 860 1643 qui
881 1563 993 1625 tamen
1016 1561 1055 1626 de
1077 1583 1130 1628 co·
1186 1593 1189 1598 ·

121 1646 217 1712 horte
250 1667 309 1712 sua
341 1647 417 1712 dare
448 1667 516 1712 non
542 1646 684 1731 solebat,
716 1646 774 1711 sed
800 1645 835 1712 Ο.
858 1647 980 1713 Verris.
1030 1648 1130 1714 Cuius

120 1734 210 1800 modi
237 1734 403 1800 cohortem
429 1734 555 1820 putatis
582 1734 644 1801 hoo
671 1734 816 1820 principe
841 1734 964 1800 fuisse?
987 1735 1011 1818 †
1034 1737 1130 1802 sicuti

120 1822 238 1888 videtis
254 1822 407 1888 edictum:
427 1821 463 1888 sr
481 1840 542 1901 om
559 1837 744 1888 marsuan
762 1839 945 1888 rumosam
964 1841 1129 1890 suus'rua

120 1909 207 1978 Eum
233 1933 361 1996 quoque
389 1911 572 1994 ostendam,
599 1910 628 1976 si
655 1910 783 1994 quando
812 1911 856 1975 sit
878 1911 987 1996 datus,
1015 1917 1130 1978 coactu

78 2013 108 2054 2⁰
121 1999 231 2082 istius,
255 1999 341 2084 quod
362 2021 428 2064 non
451 1999 603 2082 senserit,
624 1998 792 2065 iudicasse.
827 1997 878 2064 Ex
900 1999 973 2085 lege
996 1998 1130 2085 Rupilia

122 2087 252 2155 sortitio
283 2087 391 2171 nulla,
417 2087 483 2153 nisi
514 2108 587 2153 cnm
619 2085 703 2150 nihil
729 2086 888 2152 intererat
913 2086 1023 2172 istius3
1055 2089 1129 2175 lege

120 2175 296 2242 Hieronica
313 2175 432 2242 iudicia
449 2174 664 2261 plurimarum
683 2175 978 2240 controversiarum
997 2177 1129 2242 sublata
1169 2257 1170 2262 ἵ

120 2286 186 2330 uno
217 2263 349 2330 nomine
380 2264 502 2347 omnia3
534 2264 573 2328 de
604 2266 766 2329 conventu
797 2284 835 2328 ac
865 2263 1128 2349 negotiatoribus

120 2352 205 2419 nulli
228 2350 358 2419 iudices.
404 2350 564 2427 Quantam
588 2354 783 2436 potestatem
808 2348 974 2437 habuerit,
1001 2352 1128 2438 videtis,

77 2452 108 2495 ¹⁶
123 2463 203 2527 quas
226 2461 279 2506 res
302 2440 453 2527 gesserit,
476 2440 670 2526 cognoscite.
1068 2499 1069 2502 ,

138 2559 140 2565 ’
187 2527 360 2594 Heraclius
392 2531 444 2594 est
469 2527 636 2629 Hieronis·
649 2526 737 2592 filius
764 2525 999 2612 Syracusanus,
1028 2529 1127 2596 bomo

120 2615 810 2791 iridibiilidiffsiiliidiffi?
832 2616 919 2770 idi
941 2620 1128 2771 iiiiii

121 2793 309 2860 calamitate
334 2793 398 2858 nisi
419 2792 516 2879 istius
539 2792 678 2858 avaritia
701 2796 798 2877 atque
820 2792 940 2858 iniuria
961 2793 1127 2877 pauperri-

78 2895 108 2937 ⁸⁰
121 2903 203 2947 mus.
238 2880 324 2947 Huic
341 2881 504 2947 hereditas
524 2881 565 2947 ad
580 2879 637 2947 HS
654 2879 750 2946 facile
768 2881 901 2947 triciens
919 2880 1009 2946 venit
1027 2883 1127 2945 testa·

121 2973 232 3036 mento
263 2969 437 3054 propinqui
469 2969 520 3034 sui
546 2967 703 3053 Heraclii,
734 2969 833 3054 plena
864 2969 979 3034 domus
1009 2967 1128 3033 caelati

121 3058 252 3144 argenti
283 3057 400 3143 optimi
431 3058 617 3142 multaeque
647 3057 814 3143 stragulae
841 3055 942 3122 vestis
969 3055 1127 3141 pretioso-
1185 3095 1189 3104 ·

119 3168 256 3232 rumque
284 3145 533 3232 mancipiorum
560 3145 677 3231 quibus
703 3145 739 3210 iu
765 3146 861 3210 rebus
888 3143 983 3210 istius
1008 3141 1127 3227 cupidi·

120 3238 206 3300 tates
226 3238 261 3300 et
279 3233 424 3300 insanias
447 3233 519 3319 quis
541 3233 696 3320 ignorat?
731 3232 814 3298 Erat
836 3233 871 3297 in
894 3253 1042 3298 sermone
1065 3252 1128 3314 res,

78 3340 106 3383 ss
121 3345 276 3409 magnam
289 3323 459 3408 pecuniam
472 3321 624 3388 Heraclio
644 3318 804 3405 relictam3
821 3341 888 3387 non
906 3321 1012 3385 solum
1025 3318 1127 3404 Hera·

120 3412 219 3479 elium
234 3411 377 3497 divitem,
396 3410 566 3478 sedetiam
583 3414 733 3476 ornatum
752 3408 962 3494 supellectile,
981 3411 1127 3494 argento,

118 3504 226 3584 veste,
253 3499 423 3587 mancipiis
449 3499 623 3584 futurum„
648 3497 750 3563 Audit
777 3498 857 3564 baec
884 3497 985 3564 etiam
1006 3495 1126 3564 Verres
1145 3506 1180 3557 36

591 3620 594 3624 ·
860 3600 914 3656 14*

1139 2499 1238 2625 a·
