2564 3876
191 179 235 244 34
361 175 432 231 PRO
453 173 529 230 SEX.
548 171 678 229 Roscio
697 171 866 228 AMERINO
886 172 1034 229 ORATIO.

191 323 240 388 ita
259 343 330 386 sum
350 318 495 405 cupidus,
511 322 550 384 ιιι
568 319 642 384 aliis
661 341 732 384 eam
751 321 958 403 praereptam
972 317 1081 383 velim.
1118 315 1208 393 Quae

192 431 245 474 me
267 409 369 496 igitur
392 428 444 472 res
467 411 598 492 praeter
622 411 745 472 eeteros
769 407 910 491 impulit,
933 410 971 471 ιιι
989 428 1122 472 causam
1135 403 1209 471 Sex.

192 497 291 562 Rosci
309 495 506 582 reciperem?
539 494 631 580 Quia,
657 495 686 560 si
706 495 762 579 qui
780 495 919 560 istorum
943 494 1088 578 dixisset,
1112 496 1210 578 [quos

192 585 309 651 videtis
329 584 464 668 adessa]
488 584 658 668 inquibus
683 605 810 648 summa
833 583 1010 648 auotoritas
1034 586 1086 648 cst
1109 587 1209 666 atqua

193 673 387 759 amplitudo,
416 672 446 738 si
466 672 602 738 verbum
625 672 664 736 dc
686 694 722 737 re
744 671 876 757 publica
897 671 1041 755 fecisset,
1064 670 1098 734 id
1121 671 1236 755 quoda

193 763 228 827 in
254 762 317 828 hac
345 783 442 827 causa
468 761 540 826 ficri
566 781 698 825 necesse
726 762 789 844 est,
820 761 924 824 multo
951 760 1047 844 plura
1079 758 1211 844 dixisse,

158 873 174 922 a
194 872 290 935 quam
306 850 449 933 dixisset,
466 853 650 934 putaretur3
669 869 730 934 ego
750 851 858 912 autem
877 848 906 912 si
925 846 1042 932 omnia,
1062 869 1145 932 quae
1166 847 1211 911 di·

194 938 295 1006 cenda
318 942 404 1023 sunt,
426 937 527 1002 libere
551 936 671 1021 dixero,
693 957 899 1021 nequaquam
921 938 1032 1000 tamen
1055 935 1212 1001 similiter

194 1028 298 1093 oratio
327 1049 399 1093 mea
427 1026 512 1091 exire
546 1029 644 1108 atque
675 1025 711 1089 in
741 1026 858 1110 volgus
889 1045 1040 1089 emanare
1072 1024 1212 1108 poterit,

194 1116 308 1180 deinde
331 1115 418 1200 quod
441 1118 622 1180 ceterorum
639 1134 743 1197 neque
763 1112 885 1178 dictum
903 1113 1077 1177 obscurum
1095 1116 1211 1196 potest
1224 1130 1248 1169 1⁰

194 1226 264 1269 esse
282 1207 416 1289 propter
433 1202 642 1267 nobilitatem
659 1205 692 1266 ct
706 1200 953 1286 amplitudinem
966 1222 1071 1284 neque
1085 1204 1211 1266 temere

195 1292 281 1357 dicto
305 1291 436 1357 concedi
457 1293 593 1375 propter
617 1293 758 1355 aetatem
783 1293 815 1354 et
837 1288 1058 1374 prudentiam3
1088 1310 1150 1375 ego
1183 1289 1212 1354 si

194 1379 271 1463 quid
303 1379 437 1443 liberius
470 1377 594 1461 dixero,
631 1379 683 1444 vel
715 1378 877 1444 occultum
914 1399 997 1462 esse,
1033 1381 1212 1462 propterea

193 1466 453 1620 sistant?
461 1465 983 1640 patet?striata
999 1466 1212 1640 batt
1225 1573 1248 1614 a

193 1644 291 1726 ratio,
323 1665 435 1708 verum
468 1642 567 1707 ctiam
598 1642 812 1729 cognoscendi
845 1642 1042 1707 consuetudo
1070 1643 1140 1707 iam
1171 1643 1211 1707 de

157 1731 326 1802 scivitate
345 1732 476 1797 sublata
499 1735 558 1796 est.
599 1730 734 1796 Accedit
755 1731 815 1795 illa
838 1752 967 1815 quoque
991 1752 1098 1815 causa,
1122 1731 1213 1815 quod

192 1843 213 1885 a
242 1821 358 1885 ceteris
390 1819 530 1902 forsitan
561 1821 610 1884 ita
641 1819 781 1903 petitum
814 1819 872 1903 sit,
903 1822 949 1894 ut,
972 1818 1133 1904 dicerent,
1174 1823 1214 1884 ut

192 1909 353 1974 utrumvis
381 1910 472 1974 salvo
502 1907 608 1973 officio
636 1907 741 1972 facere
769 1928 804 1971 se
833 1929 930 1991 posse
954 1907 1212 1992 arbitrarentur,

192 2019 212 2061 a
235 2019 286 2060 me
309 2000 419 2062 autem
442 1997 466 2060 ii
489 1995 733 2078 contenderunt,
755 1995 811 2079 qui
834 1995 920 2080 apud
943 2017 995 2060 me
1014 1999 1047 2060 et
1062 1996 1211 2062 amicitia
1224 2015 1247 2054 ιο

193 2087 226 2148 et
248 2084 411 2150 beneficiis
436 2089 469 2148 et
497 2084 656 2170 dignitate
683 2083 859 2169 plurimum
887 2088 1039 2169 possunt,
1069 2106 1210 2168 qnorum

192 2192 253 2258 ego
280 2194 339 2237 nec
362 2173 615 2238 benivolentiam
639 2193 717 2258 erga
740 2194 791 2236 me
813 2172 964 2258 ignorare
986 2193 1046 2237 neo
1070 2174 1212 2238 auctori-

192 2264 295 2324 tatem
324 2261 491 2344 aspernari
518 2283 577 2326 nec
606 2262 810 2327 voluntatem
836 2260 1010 2346 neglegere
1039 2260 1210 2327 debebam.

152 2311 253 2437 {His
282 2347 321 2412 de
348 2348 454 2414 causis
482 2369 543 2435 ego
571 2349 647 2416 huic
678 2370 793 2414 causae
825 2352 981 2434 patronus
1014 2349 1110 2414 extiti
1143 2371 1212 2416 non

193 2436 313 2501 clectus
346 2459 441 2521 unus,
475 2437 530 2520 qui
562 2437 703 2503 maximo
736 2437 881 2522 ingenio,
913 2436 969 2502 scd
1001 2437 1137 2502 relictus
1171 2461 1210 2502 ex
1224 2456 1248 2496 a

192 2524 356 2610 omnibus,
384 2525 440 2609 qui
463 2524 597 2591 minimo
625 2525 768 2611 periculo
782 2547 925 2609 'possem
954 2524 1073 2610 dicere,
1100 2548 1211 2611 neque
1270 2549 1272 2604 ,¹

191 2612 240 2677 uti
264 2613 345 2677 satis
368 2613 462 2678 firmo
482 2614 643 2698 praesidio
663 2613 811 2679 defensus
832 2611 902 2678 Sex.
921 2612 1068 2698 Roscius,
1093 2636 1210 2681 verum
1270 2607 1271 2677 i

191 2700 241 2766 nti
262 2722 303 2765 ne
327 2702 456 2767 omnino
481 2702 626 2768 desertus
650 2705 744 2767 esset.
1269 2749 1270 2782 ,

257 2788 410 2855 Forsitan
446 2791 624 2876 quaeratis,
661 2789 716 2874 qui
747 2791 810 2855 iste
842 2794 948 2857 terror
980 2791 1024 2856 sit
1056 2796 1091 2856 et
1125 2814 1210 2878 quaa
1268 2845 1269 2889 ,

191 2881 286 2943 tanta
307 2876 459 2963 formido,
488 2901 570 2963 quae
593 2883 645 2944 tot
667 2901 705 2944 ao
728 2879 805 2943 talis
827 2879 915 2944 viros
938 2879 1110 2965 impediat,
1142 2903 1208 2966 qno
1222 2899 1248 2939 so

191 2966 297 3031 minus
320 2988 380 3051 pro
404 2967 510 3052 capite
529 2970 562 3031 et
579 2966 719 3031 fortunis
739 2967 882 3053 alterius,
906 2967 1209 3052 quemadmodum
1265 2959 1268 3018 ι

191 3059 441 3139 consueverunt,
464 3077 596 3120 eausam
619 3055 721 3120 velint
744 3055 857 3121 dicere.
903 3055 996 3132 Quod
1019 3055 1125 3123 adhue
1148 3080 1208 3124 vos

190 3142 342 3228 ignorare
365 3165 431 3208 non
454 3144 573 3208 mirum
597 3147 661 3228 est,
684 3147 858 3228 propterca
880 3145 967 3228 quod
990 3146 1142 3212 consulto
1165 3148 1209 3212 ab

191 3231 434 3296 accusatoribus
463 3231 531 3297 eius
559 3231 619 3316 rei,
652 3254 734 3316 quas
766 3233 919 3298 conflavit
950 3234 1013 3299 hoc
1041 3233 1210 3319 iudicium,

156 3317 313 3381 amentio
335 3319 424 3384 facta
446 3341 512 3384 non
535 3325 593 3385 est.
631 3319 719 3396 Quae
743 3343 795 3386 res
818 3343 856 3386 ea
879 3323 951 3388 est?
987 3320 1080 3387 Bona
1098 3324 1208 3407 patris
1222 3341 1245 3382 ³⁵

190 3403 322 3468 huiusce
346 3403 415 3470 Sex.
434 3406 542 3491 Rosci,
566 3413 748 3492 quaesunt
771 3409 949 3495 sexagiens,
973 3431 1055 3494 quae
1075 3410 1114 3475 de
1133 3412 1207 3478 viro
1262 3473 1263 3527 ,

190 3489 371 3556 clarissimo
396 3498 429 3557 et
447 3494 637 3581 fortissimo,
660 3496 694 3562 L.
713 3494 813 3582 Sulla,
837 3520 932 3582 quem
950 3498 1085 3564 honoris
1105 3521 1208 3566 causa
1261 3562 1262 3631 ,

1254 3757 1260 3847 i
