2604 3880
196 183 260 249 132
432 181 472 235 IN
491 180 519 236 0.
538 180 694 236 VERREM
711 180 819 236 ACTIO
838 179 964 236 PRIMA.

194 327 293 394 stioni
310 325 517 412 praefuturus
536 331 594 391 est.
629 324 682 390 Ita
701 325 875 392 seeundum
894 325 1058 392 Kalendas
1075 326 1205 393 Ianuar.

195 421 228 480 et
249 418 399 500 praetore
421 419 455 479 et
476 436 578 498 prope
600 417 672 478 toto
693 414 828 479 consilio
848 419 1048 480 commutato
1067 436 1205 502 magnas

195 502 392 569 accusatoris
425 503 530 567 minas
561 523 777 587 magnamque
804 502 915 567 iudicii
948 503 1206 587 expectationem

142 598 175 646 81
195 592 236 657 ad
257 595 406 656 nostrum
426 590 598 655 arbitrium
616 590 847 674 libidinemque
866 589 1052 656 eludamus?
1090 590 1206 658 Nonae

195 684 271 745 sunt
301 679 398 744 hodie
430 676 580 762 Sextiles,
617 678 700 743 hora
736 697 800 742 vm
836 679 1007 744 convenire
1042 680 1233 765 coepistiss

194 767 289 833 Hunc
317 768 402 832 diem
429 767 496 832 ianr
522 788 563 831 ne
591 770 764 831 numerant
797 766 934 851 quidem.
983 765 1103 834 Decem
1137 767 1206 832 dies

196 862 271 922 sunt
295 861 370 921 ante
392 856 485 921 ludos
508 855 649 938 votivos,
680 875 761 938 quos
785 853 841 919 On.
864 853 1037 940 Pompeius
1059 855 1207 921 facturus

195 949 258 1029 est3
281 945 317 1009 hi
338 944 408 1009 ludi
430 943 497 1008 dies
521 942 703 1026 quindecim
726 941 886 1026 auferent3
914 943 1027 1008 deinde
1050 943 1206 1009 continno

195 1033 335 1098 Romani
349 1035 593 1116 consequentur.
624 1029 677 1095 Ita
689 1052 791 1115 prope
807 1048 853 1094 ιιι
871 1030 984 1096 diebus
1002 1031 1206 1116 interpositis

194 1128 267 1188 tum
290 1120 425 1204 denique
448 1140 482 1183 se
506 1118 547 1183 ad
570 1139 620 1202 ea,
647 1140 729 1202 quae
752 1141 772 1183 a
794 1118 888 1183 nobis
913 1118 999 1184 dicta
1021 1124 1129 1203 erunt,
1157 1142 1207 1185 re-
1222 1140 1246 1179 ro

196 1229 371 1294 sponsuros
404 1228 474 1271 esse
510 1206 724 1290 arbitrantur,
762 1206 874 1271 deinde
911 1228 946 1271 se
983 1207 1135 1273 ducturos
1174 1214 1208 1274 et

195 1296 328 1362 dicendo
356 1298 390 1359 et
416 1294 596 1360 excusando
623 1293 719 1358 facile
747 1295 788 1359 ad
810 1294 904 1360 ludos
926 1294 1104 1379 Victoriae3
1132 1318 1207 1361 cum

194 1385 246 1450 his
269 1381 413 1468 plebeios
438 1403 507 1447 esse
528 1381 730 1466 coniunctos,
754 1382 928 1465 secundum
947 1404 1029 1466 quos
1047 1389 1105 1448 aut
1121 1384 1208 1448 nulli

196 1476 253 1537 aut
270 1470 424 1555 perpauci
442 1470 509 1534 dies
529 1470 570 1534 ad
589 1470 750 1555 agendum
767 1470 869 1535 futuri
887 1477 972 1536 sunt.
1008 1471 1060 1536 Ita
1079 1471 1207 1537 defessa

196 1582 233 1625 ac
246 1558 440 1644 refrigerata
454 1558 658 1624 accusatione
671 1580 740 1622 rem
753 1558 917 1644 integram
932 1559 972 1624 ad
982 1558 1025 1624 lu
1035 1559 1207 1625 Metellum
1222 1577 1247 1618 ιι

195 1652 379 1734 praetorem
411 1668 481 1712 esse
513 1650 692 1711 venturam.
744 1645 845 1722 Quem
874 1668 935 1732 ego
966 1647 1144 1732 hominem,
1178 1649 1207 1714 si

196 1737 264 1802 eius
295 1735 370 1799 fidei
402 1734 526 1800 diffisus
559 1756 676 1817 essem,
711 1734 850 1799 iudicem
884 1756 950 1800 non
984 1736 1206 1820 retinrfissem3

143 1846 177 1894 aa
195 1847 280 1890 nunc
302 1829 414 1889 tamen
435 1823 497 1888 hoc
521 1822 628 1887 animo
653 1844 733 1905 sum,
755 1827 793 1887 ut
816 1844 853 1887 eo
876 1823 980 1888 iudice
999 1845 1096 1906 quam
1114 1845 1207 1908 prae

196 1918 268 1978 tore
294 1912 378 1977 hanc
405 1933 475 1976 rem
501 1908 640 1996 transigi
668 1909 781 1974 malim
805 1916 838 1976 et
859 1910 966 1977 iurato
991 1932 1083 1976 suam
1106 1933 1207 1995 quam

195 2002 338 2066 iniurato
361 1999 500 2065 aliorum
521 1999 663 2063 tabellas
686 1999 898 2063 committere.
1221 2018 1247 2058 ro

145 2096 184 2159 11
262 2087 357 2152 Nunc
385 2107 459 2173 ego,
490 2087 625 2169 iudices,
655 2087 808 2151 iamvos
836 2087 983 2168 consulo,
1015 2086 1092 2170 quid
1124 2088 1208 2153 mihi

193 2176 377 2242 faciendum
413 2198 456 2258 pu
458 2175 548 2257 tetis3
585 2174 618 2237 id
654 2174 739 2238 enim
776 2174 904 2240 consilii
940 2136 1020 2238 mihi
1057 2174 1206 2259 profecto

193 2263 288 2329 taciti
306 2262 435 2340 dabitis,
444 2261 544 2346 quod
562 2266 692 2347 egomet
710 2263 791 2327 mihi
812 2263 993 2328 necessario
1014 2262 1207 2348 capiendum

193 2353 262 2416 inte
263 2351 361 2436 l.lego
398 2313 487 2414 Sit
450 2373 471 2414 u
473 2353 525 2414 tar
544 2349 585 2414 ad
604 2350 771 2415 dicendum
790 2372 862 2415 meo
881 2350 1029 2452 legitimo
1047 2355 1207 2436 tempore,

194 2439 259 2504 mei
280 2437 417 2521 laboris,
439 2437 576 2502 indust
535 2441 617 2502 tnae
640 2438 891 2524 diligentiaeque
914 2439 1040 2523 capiam
1062 2438 1206 2504 fructum
1220 2456 1245 2497 ιι

196 2531 227 2590 et
252 2528 304 2606 [ex
328 2527 544 2607 accusatione]
568 2527 747 2610 perficiam,
774 2531 811 2591 ut
833 2547 928 2592 nemo
951 2548 1106 2610 nmquam
1128 2533 1207 2611 post

194 2613 362 2679 hominurn
386 2613 577 2678 memoriam
595 2615 749 2698 paratior,
771 2614 970 2700 vigilantior,
993 2615 1207 2699 compositior

195 2702 236 2768 ad
263 2701 417 2766 iudicium
444 2702 571 2766 venisse
598 2701 754 2766 videatur.
800 2701 863 2767 Sed
889 2704 924 2767 in
950 2702 1011 2768 hac
1040 2702 1136 2768 laude
1158 2704 1207 2768 in-

195 2791 270 2855 dust
271 2790 338 2855 riae
361 2811 464 2873 meae,
487 2811 561 2853 reus
583 2811 625 2853 ne
647 2789 809 2874 elabatur,
840 2812 1002 2856 summum
1024 2790 1206 2875 periculum

196 2883 254 2944 est.
291 2877 375 2954 Quid
394 2899 428 2943 es
429 2877 572 2963 tigitur,
591 2877 677 2961 quod
689 2878 760 2941 fier1
773 2878 900 2962 possit?
932 2876 1009 2943 Non
1023 2878 1206 2963 obscurum,
1220 2897 1246 2937 eo

144 2983 176 3032 33
196 2968 325 3052 opinor,
356 2988 460 3051 neque
495 2965 664 3030 abscondit
650 2969 728 3029 t.u1n
773 2965 928 3031 Fructum
956 2966 1058 3031 istum
1089 2966 1205 3052 laudis,

196 3056 252 3140 qui
270 3077 309 3120 ex
326 3059 484 3140 perpetua
498 3054 644 3118 oratione
657 3053 781 3138 percipi
771 3054 939 3138 ..potum
929 3076 964 3117 m
978 3054 1044 3118 alia
1056 3057 1206 3156 tempora

195 3165 409 3228 reservemus,
435 3164 520 3208 nunc
542 3141 707 3206 hominem
729 3143 866 3228 tabulis,
888 3143 1042 3225 testibus,
1064 3142 1205 3226 privatis

194 3231 459 3316 publicisquet
419 3231 474 3295 litt
460 3231 539 3294 teris
563 3230 876 3315 auctoritatibusque
899 3251 1094 3296 accusemus,
1139 3231 1205 3296 Res

195 3320 300 3384 omnis
323 3319 404 3383 mihi
426 3322 533 3384 tecum
557 3318 632 3400 erit,
656 3318 820 3384 Hortensi.
865 3318 980 3384 Dicam
1004 3321 1124 3403 aperte.
1170 3317 1206 3383 Si
1219 3335 1243 3376 ιι

194 3410 228 3470 te
242 3429 367 3471 mecum
381 3407 514 3472 dicendo
535 3427 572 3471 ac
590 3406 749 3471 diluendis
768 3406 955 3472 criminibus
974 3407 1010 3471 in
1026 3407 1088 3472 hac
1107 3428 1206 3473 causa

195 3494 386 3559 contendere
408 3498 572 3580 putarem,
602 3516 663 3581 ego
688 3517 815 3580 quoque
836 3495 871 3560 in
899 3495 1078 3561 accusando
1106 3499 1206 3582 atque
