2576 3882
204 219 271 282 244
505 215 545 270 nt
563 214 762 272 1111111111
780 213 860 270 ACT.
879 214 913 270 11.

204 365 440 446 septenumque
481 358 598 427 denum
640 359 839 425 senatorium
879 380 1000 426 nomen
1038 359 1215 426 nundinati

204 453 294 532 sunt3
324 453 371 534 et,
398 448 485 533 quod
512 447 695 533 Halaesini,
723 447 942 532 antiquissimi
968 451 1003 514 et
1028 447 1214 514 fidelissimi

205 537 285 603 socii
305 541 402 622 etque
425 536 529 621 amici,
552 536 675 602 Romae
697 536 923 621 impetrarent,
943 539 982 602 ut
1004 536 1091 622 apud
1114 558 1150 602 se
1172 559 1214 602 ne

204 625 369 779 sqfffregiis
388 625 518 710 quidem
536 625 608 690 fieri
625 624 746 709 liceret,
768 624 802 689 id
819 624 926 710 pretio
946 627 984 690 ut
1000 624 1072 690 fieri
1089 630 1214 710 posset,

204 713 318 780 eecit.
1224 729 1234 769 ⁵

151 772 203 900 {³33
271 802 482 890 Agrigentini
515 803 554 867 de
582 805 697 866 senatu
724 801 907 886 cooptando
933 798 1093 886 Scipionis
1121 802 1213 887 leges

103 949 107 954 ,
205 891 356 976 antiques
374 891 506 975 hebent,
528 892 563 956 in
585 890 702 975 quibus
725 893 759 954 et
780 890 841 955 illa
863 888 973 955 eadem
997 893 1112 955 sancte
1136 896 1214 954 sunt

204 982 238 1044 et
250 980 313 1046 hoc
332 981 480 1064 amplius.
512 977 594 1044 (lum
605 977 897 1065 Agrigentinorum
915 977 977 1044 duo
996 999 1118 1064 genere
1137 979 1213 1063 sint,

203 1091 304 1133 unum
328 1072 489 1150 veterum,
517 1067 656 1132 alterum
679 1067 881 1150 colonorum,
909 1087 990 1151 quos
1013 1065 1049 1131 Τ.
1067 1065 1213 1132 Manlius

203 1160 336 1241 praetor
354 1177 393 1220 ex
416 1159 548 1221 senatus
571 1154 719 1220 consulto
743 1154 782 1220 de
805 1154 933 1240 oppidis
953 1153 1137 1220 Siculorum
1160 1156 1214 1221 de
1227 1172 1245 1211 ¹⁰

204 1245 296 1310 duxit
322 1243 554 1330 Agrigentum,
585 1247 716 1308 cautum
747 1243 859 1309 estin
886 1241 1045 1329 Scipionis
1073 1243 1214 1329 legibus,

203 1353 244 1398 ne
280 1331 390 1417 plures
427 1335 536 1397 essent
570 1331 604 1397 in
637 1335 752 1397 senatu
785 1353 823 1398 ex
854 1332 1044 1397 colonorum
1074 1353 1213 1398 numero

203 1441 302 1504 quem
320 1442 359 1486 ex
377 1423 486 1486 vetere
500 1419 800 1507 Agrigentinorum.
836 1417 912 1504 Iste,
935 1420 991 1505 qui
1009 1419 1120 1485 omniu
1140 1421 1214 1486 iure

203 1507 309 1592 pretio
337 1512 549 1594 exaequasset
573 1509 781 1593 omniumque
802 1529 911 1573 rerum
934 1509 1088 1574 dilectum
1112 1513 1214 1594 atque

204 1595 376 1662 discrimen
408 1597 544 1681 pecunie
575 1596 775 1681 sustulisset,
804 1617 873 1661 non
899 1596 995 1662 modo
1022 1596 1095 1681 ille,
1129 1620 1213 1683 quae
1226 1612 1245 1654 1⁵

204 1689 299 1750 erant
329 1686 461 1770 aetatis,
497 1685 619 1751 ordinis
651 1689 880 1770 quaestusque,
916 1684 1118 1770 permiscuit,
1156 1688 1214 1752 sed
1266 1735 1267 1768 ἶ

203 1773 303 1838 etiem
324 1774 359 1856 in
381 1774 433 1839 his
457 1774 582 1839 duobus
606 1774 779 1860 generibus
802 1773 921 1838 civium
942 1795 1101 1839 novorum
1125 1780 1214 1842 vete

151 1873 356 1947 tetrumque
379 1862 533 1929 turbavit.
573 1859 660 1926 Nem
681 1865 860 1928 comesset
882 1883 921 1926 ex
943 1865 1052 1928 vetere
1074 1885 1213 1930 numero

203 1951 335 2034 quidam
353 1954 484 2018 senator
502 1950 699 2035 demortuus,
721 1953 845 2016 etcum
869 1971 908 2014 ex
929 1954 1067 2035 utroque
1092 1972 1214 2037 genere

202 2061 263 2124 per
284 2061 437 2105 numerus
459 2039 602 2124 reliquus
626 2042 721 2124 esset,
745 2042 886 2104 veterem
909 2040 1056 2123 coopteri
1078 2056 1266 2108 necessest.

202 2131 274 2192 erat
291 2128 430 2214 legibue,
452 2129 490 2192 ut
507 2127 537 2192 is
556 2127 695 2212 amplior
717 2148 870 2192 numerus
893 2132 987 2192 esset.
1024 2125 1113 2202 Quae
1138 2152 1215 2197 cum

201 2213 251 2279 ite
268 2235 303 2280 se
321 2236 373 2279 res
391 2215 541 2299 haberet,
563 2219 674 2280 temen
697 2215 860 2281 edietum
883 2219 1029 2302 emptum
1051 2223 1215 2284 venerunt

201 2302 297 2368 illum
328 2304 435 2369 locum
467 2304 666 2369 senatorium
697 2325 764 2368 non
790 2304 897 2369 solum
924 2307 1064 2388 veteres,
1094 2303 1215 2373 rerum

202 2390 302 2456 etiem
319 2391 405 2457 novi.
445 2391 507 2476 Fit,
530 2395 568 2456 ut
587 2391 692 2477 pretio
714 2413 819 2458 novus
841 2391 951 2458 vincet
973 2393 1169 2478 litterasque
1196 2419 1215 2462 a

200 2481 352 2563 praetore
379 2479 507 2546 adferat
531 2481 758 2566 Agrigentum.
801 2479 1012 2567 Agrigentini
1039 2481 1080 2546 ad
1106 2482 1215 2550 istum
1227 2498 1264 2539 ²⁵*

201 2567 330 2652 legatos
361 2569 509 2654 mittunt,
542 2569 598 2652 qui
625 2590 698 2633 eum
725 2569 815 2655 leges
842 2568 979 2635 doceant
1006 2573 1214 2638 consuetudi·

201 2676 339 2740 nemque
363 2658 507 2723 omnium
530 2677 688 2722 annorum
712 2656 948 2742 demonstrent,
969 2661 1007 2724 ut
1027 2658 1091 2723 iste
1113 2659 1215 2726 intel-

201 2743 327 2829 legeret
344 2745 374 2810 ei
397 2767 432 2812 se
453 2746 549 2811 illum
571 2745 679 2810 locum
702 2745 893 2830 vendidisse,
916 2746 968 2812 cui
989 2767 1030 2811 ne
1052 2769 1214 2815 commer-
1262 2791 1263 2826 ;

201 2832 286 2898 oium
314 2833 443 2918 quidem
471 2854 540 2899 esse
568 2836 742 2919 oporteret.
791 2832 936 2909 Quorum
963 2835 1110 2900 cretione
1136 2837 1214 2924 iste,

200 2943 274 2986 cum
287 2922 427 3006 pretium
441 2923 512 2988 ¹iem
530 2921 715 3006 accepisset,
732 2943 773 2988 ne
790 2922 954 2987 tantulum
973 2923 1102 3008 quidem
1121 2947 1212 2993 oom-
1225 2944 1245 2983 ³⁰

149 3018 200 3069 125
218 3013 326 3075 motus
355 3015 413 3075 est.
458 3009 547 3075 Idem
573 3009 652 3075 fecit
673 3010 859 3077 Heracleae.
903 3009 990 3076 Nam
1017 3034 1055 3077 eo
1079 3035 1213 3100 quoque

200 3099 333 3163 colonos
360 3099 395 3164 P.
418 3098 568 3183 Rupilius
601 3097 732 3164 deduxit
758 3100 913 3186 legesque
939 3100 1061 3166 similes
1090 3101 1131 3168 de
1160 3127 1213 3172 oo·

201 3187 341 3270 optando
374 3191 490 3254 111111
522 3191 555 3252 et
584 3187 623 3253 de
649 3209 783 3254 numero
809 3192 956 3253 veterum
984 3210 1022 3254 ec
1047 3211 1211 3259 novorum

128 3313 131 3320 ·
200 3274 296 3340 dedit.
342 3273 394 3342 Ibi
416 3298 482 3342 non
506 3277 611 3342 solum
632 3276 696 3340 iste
718 3281 756 3342 ut
779 3277 865 3361 apud
887 3280 1012 3343 ceteros
1035 3280 1212 3363 pecuniam

200 3363 332 3448 accepit,
355 3365 527 3430 sedetiam
547 3385 667 3450 genere
687 3368 832 3430 veterum
855 3387 893 3431 ec
913 3386 1072 3432 novorum
1095 3383 1261 3434 nume-³⁵:

145 3450 187 3514 51
199 3470 332 3532 rumque
362 3453 564 3534 permiscuit.
617 3451 728 3517 Nolite
763 3457 946 3539 expectere,
982 3454 1059 3520 dum
1094 3477 1208 3522 omnes

200 3534 315 3599 obeam
347 3539 493 3604 oratione
525 3561 598 3604 mea
629 3539 791 3626 civitates,
822 3541 885 3608 hoc
914 3564 979 3609 uno
1007 3544 1209 3629 complector
1259 3609 1260 3634 ,
