<?xml version="1.0" encoding="UTF-8"?>
<!DOCTYPE html PUBLIC "-//W3C//DTD XHTML 1.0 Transitional//EN"
    "http://www.w3.org/TR/xhtml1/DTD/xhtml1-transitional.dtd">
<html xmlns="http://www.w3.org/1999/xhtml" xml:lang="en" lang="en">
 <head>
  <title>
</title>
<meta http-equiv="Content-Type" content="text/html;charset=utf-8" />
  <meta name='ocr-system' content='tesseract 3.04.00' />
  <meta name='ocr-capabilities' content='ocr_page ocr_carea ocr_par ocr_line ocrx_word'/>
</head>
<body>
  <div class='ocr_page' id='page_1' title='image "./scriptaquaemans01mullgoog_0465.png"; bbox 0 0 2622 3884; ppageno 0'>
   <div class='ocr_carea' id='block_1_1' title="bbox 144 200 852 270">
    <p class='ocr_par' dir='ltr' id='par_1_1' title="bbox 144 200 852 270">
     <span class='ocr_line' id='line_1_1' title="bbox 144 200 852 270; baseline -0.021 0"><span class='ocrx_word' id='word_1_1' title='bbox 144 204 211 270; x_wconf 83' lang='lat'>350</span> <span class='ocrx_word' id='word_1_2' title='bbox 452 201 491 255; x_wconf 88' lang='lat' dir='ltr'>IN</span> <span class='ocrx_word' id='word_1_3' title='bbox 511 201 539 256; x_wconf 82' lang='lat' dir='ltr'>C.</span> <span class='ocrx_word' id='word_1_4' title='bbox 554 200 710 256; x_wconf 82' lang='lat' dir='ltr'>VERREM</span> <span class='ocrx_word' id='word_1_5' title='bbox 729 201 806 256; x_wconf 77' lang='lat' dir='ltr'>Aer.</span> <span class='ocrx_word' id='word_1_6' title='bbox 825 201 852 255; x_wconf 85' lang='lat'>11</span> 
     </span>
    </p>
   </div>
   <div class='ocr_carea' id='block_1_2' title="bbox 87 343 1203 3611">
    <p class='ocr_par' dir='ltr' id='par_1_2' title="bbox 141 343 1203 1388">
     <span class='ocr_line' id='line_1_2' title="bbox 142 343 1192 432; baseline 0.002 -18"><span class='ocrx_word' id='word_1_7' title='bbox 142 348 272 432; x_wconf 89' lang='lat' dir='ltr'>iudices,</span> <span class='ocrx_word' id='word_1_8' title='bbox 295 347 434 414; x_wconf 88' lang='lat' dir='ltr'>concedo</span> <span class='ocrx_word' id='word_1_9' title='bbox 458 350 491 411; x_wconf 90' lang='lat' dir='ltr'>et</span> <span class='ocrx_word' id='word_1_10' title='bbox 514 347 647 432; x_wconf 89' lang='lat' dir='ltr'>largior.</span> <span class='ocrx_word' id='word_1_11' title='bbox 688 343 724 411; x_wconf 82' lang='lat' dir='ltr'>Si</span> <span class='ocrx_word' id='word_1_12' title='bbox 746 346 814 412; x_wconf 92' lang='lat' dir='ltr'>ullo</span> <span class='ocrx_word' id='word_1_13' title='bbox 838 345 872 410; x_wconf 93' lang='lat' dir='ltr'>in</span> <span class='ocrx_word' id='word_1_14' title='bbox 897 347 969 413; x_wconf 88' lang='lat' dir='ltr'>loco</span> <span class='ocrx_word' id='word_1_15' title='bbox 992 346 1062 412; x_wconf 90' lang='lat' dir='ltr'>eius</span> <span class='ocrx_word' id='word_1_16' title='bbox 1086 369 1164 432; x_wconf 88' lang='lat' dir='ltr'>pro·</span> <span class='ocrx_word' id='word_1_17' title='bbox 1190 413 1192 416; x_wconf 84' lang='lat'>.</span> 
     </span>
     <span class='ocr_line' id='line_1_3' title="bbox 142 435 1164 521; baseline -0.004 -17"><span class='ocrx_word' id='word_1_18' title='bbox 142 439 267 504; x_wconf 80' lang='lat' dir='ltr'>vinciae</span> <span class='ocrx_word' id='word_1_19' title='bbox 293 436 493 502; x_wconf 88' lang='lat' dir='ltr'>frumentum</span> <span class='ocrx_word' id='word_1_20' title='bbox 519 436 605 500; x_wconf 88' lang='lat' dir='ltr'>tanti</span> <span class='ocrx_word' id='word_1_21' title='bbox 631 435 708 518; x_wconf 89' lang='lat' dir='ltr'>fuit,</span> <span class='ocrx_word' id='word_1_22' title='bbox 736 435 851 520; x_wconf 88' lang='lat' dir='ltr'>quanti</span> <span class='ocrx_word' id='word_1_23' title='bbox 873 435 937 500; x_wconf 89' lang='lat' dir='ltr'>iste</span> <span class='ocrx_word' id='word_1_24' title='bbox 961 436 1164 521; x_wconf 88' lang='lat' dir='ltr'>aestimavit,</span> 
     </span>
     <span class='ocr_line' id='line_1_4' title="bbox 142 523 1162 608; baseline -0.003 -16"><span class='ocrx_word' id='word_1_25' title='bbox 142 528 204 593; x_wconf 90' lang='lat' dir='ltr'>hoo</span> <span class='ocrx_word' id='word_1_26' title='bbox 220 526 343 592; x_wconf 81' lang='lat' dir='ltr'>crimen</span> <span class='ocrx_word' id='word_1_27' title='bbox 357 525 393 589; x_wconf 90' lang='lat' dir='ltr'>in</span> <span class='ocrx_word' id='word_1_28' title='bbox 405 525 507 589; x_wconf 84' lang='lat' dir='ltr'>istum</span> <span class='ocrx_word' id='word_1_29' title='bbox 520 546 612 589; x_wconf 87' lang='lat' dir='ltr'>rcum</span> <span class='ocrx_word' id='word_1_30' title='bbox 627 525 735 589; x_wconf 89' lang='lat' dir='ltr'>valere</span> <span class='ocrx_word' id='word_1_31' title='bbox 752 528 902 608; x_wconf 80' lang='lat' dir='ltr'>oportere</span> <span class='ocrx_word' id='word_1_32' title='bbox 920 546 987 590; x_wconf 90' lang='lat' dir='ltr'>non</span> <span class='ocrx_word' id='word_1_33' title='bbox 1006 523 1162 590; x_wconf 87' lang='lat' dir='ltr'>arbitror.</span> 
     </span>
     <span class='ocr_line' id='line_1_5' title="bbox 142 609 1162 696; baseline -0.001 -17"><span class='ocrx_word' id='word_1_34' title='bbox 142 615 264 680; x_wconf 88' lang='lat' dir='ltr'>Verum</span> <span class='ocrx_word' id='word_1_35' title='bbox 297 614 383 678; x_wconf 91' lang='lat' dir='ltr'>enim</span> <span class='ocrx_word' id='word_1_36' title='bbox 414 635 506 696; x_wconf 89' lang='lat' dir='ltr'>vero,</span> <span class='ocrx_word' id='word_1_37' title='bbox 538 635 612 678; x_wconf 92' lang='lat' dir='ltr'>cum</span> <span class='ocrx_word' id='word_1_38' title='bbox 643 616 730 677; x_wconf 87' lang='lat' dir='ltr'>esset</span> <span class='ocrx_word' id='word_1_39' title='bbox 759 609 815 676; x_wconf 86' lang='lat' dir='ltr'>HS</span> <span class='ocrx_word' id='word_1_40' title='bbox 847 612 934 676; x_wconf 90' lang='lat' dir='ltr'>binis</span> <span class='ocrx_word' id='word_1_41' title='bbox 967 616 1024 677; x_wconf 90' lang='lat' dir='ltr'>aut</span> <span class='ocrx_word' id='word_1_42' title='bbox 1056 613 1162 678; x_wconf 89' lang='lat' dir='ltr'>etiam</span> 
     </span>
     <span class='ocr_line' id='line_1_6' title="bbox 141 700 1191 788; baseline -0.004 -20"><span class='ocrx_word' id='word_1_43' title='bbox 141 704 245 768; x_wconf 87' lang='lat' dir='ltr'>ternis</span> <span class='ocrx_word' id='word_1_44' title='bbox 259 702 427 788; x_wconf 80' lang='lat' dir='ltr'>quibusvis</span> <span class='ocrx_word' id='word_1_45' title='bbox 441 702 476 765; x_wconf 92' lang='lat' dir='ltr'>in</span> <span class='ocrx_word' id='word_1_46' title='bbox 489 701 570 767; x_wconf 91' lang='lat' dir='ltr'>locis</span> <span class='ocrx_word' id='word_1_47' title='bbox 588 701 785 784; x_wconf 84' lang='lat' dir='ltr'>provinciae,</span> <span class='ocrx_word' id='word_1_48' title='bbox 803 700 967 766; x_wconf 87' lang='lat' dir='ltr'>duodenos</span> <span class='ocrx_word' id='word_1_49' title='bbox 988 702 1161 766; x_wconf 88' lang='lat' dir='ltr'>sestertios</span> <span class='ocrx_word' id='word_1_50' title='bbox 1177 719 1191 761; x_wconf 81' lang='lat' dir='ltr'>s</span> 
     </span>
     <span class='ocr_line' id='line_1_7' title="bbox 142 788 1161 876; baseline -0.002 -20"><span class='ocrx_word' id='word_1_51' title='bbox 142 791 289 876; x_wconf 84' lang='lat' dir='ltr'>exegisti.</span> <span class='ocrx_word' id='word_1_52' title='bbox 331 788 366 856; x_wconf 86' lang='lat' dir='ltr'>Si</span> <span class='ocrx_word' id='word_1_53' title='bbox 392 790 475 854; x_wconf 90' lang='lat' dir='ltr'>mihi</span> <span class='ocrx_word' id='word_1_54' title='bbox 501 793 610 855; x_wconf 89' lang='lat' dir='ltr'>tecum</span> <span class='ocrx_word' id='word_1_55' title='bbox 636 811 740 874; x_wconf 87' lang='lat' dir='ltr'>neque</span> <span class='ocrx_word' id='word_1_56' title='bbox 768 789 807 854; x_wconf 89' lang='lat' dir='ltr'>de</span> <span class='ocrx_word' id='word_1_57' title='bbox 835 810 966 856; x_wconf 85' lang='lat' dir='ltr'>annona</span> <span class='ocrx_word' id='word_1_58' title='bbox 991 811 1095 874; x_wconf 88' lang='lat' dir='ltr'>neque</span> <span class='ocrx_word' id='word_1_59' title='bbox 1120 790 1161 854; x_wconf 91' lang='lat' dir='ltr'>de</span> 
     </span>
     <span class='ocr_line' id='line_1_8' title="bbox 142 877 1161 963; baseline -0.003 -18"><span class='ocrx_word' id='word_1_60' title='bbox 142 879 380 945; x_wconf 89' lang='lat' dir='ltr'>aestumatione</span> <span class='ocrx_word' id='word_1_61' title='bbox 398 883 455 944; x_wconf 88' lang='lat' dir='ltr'>tua</span> <span class='ocrx_word' id='word_1_62' title='bbox 473 881 584 963; x_wconf 87' lang='lat' dir='ltr'>potest</span> <span class='ocrx_word' id='word_1_63' title='bbox 605 899 676 943; x_wconf 89' lang='lat' dir='ltr'>esse</span> <span class='ocrx_word' id='word_1_64' title='bbox 699 878 930 961; x_wconf 88' lang='lat' dir='ltr'>controversia,</span> <span class='ocrx_word' id='word_1_65' title='bbox 954 877 1032 963; x_wconf 90' lang='lat' dir='ltr'>quid</span> <span class='ocrx_word' id='word_1_66' title='bbox 1056 878 1161 962; x_wconf 88' lang='lat' dir='ltr'>sedes,</span> 
     </span>
     <span class='ocr_line' id='line_1_9' title="bbox 143 966 1161 1054; baseline -0.003 -21"><span class='ocrx_word' id='word_1_67' title='bbox 143 969 221 1054; x_wconf 91' lang='lat' dir='ltr'>quid</span> <span class='ocrx_word' id='word_1_68' title='bbox 251 971 416 1053; x_wconf 86' lang='lat' dir='ltr'>expectas,</span> <span class='ocrx_word' id='word_1_69' title='bbox 447 967 524 1052; x_wconf 91' lang='lat' dir='ltr'>quid</span> <span class='ocrx_word' id='word_1_70' title='bbox 556 966 723 1031; x_wconf 78' lang='lat' dir='ltr'>defendis?</span> <span class='ocrx_word' id='word_1_71' title='bbox 764 969 874 1031; x_wconf 88' lang='lat' dir='ltr'>utrum</span> <span class='ocrx_word' id='word_1_72' title='bbox 907 966 971 1031; x_wconf 88' lang='lat' dir='ltr'>tibi</span> <span class='ocrx_word' id='word_1_73' title='bbox 1001 966 1161 1051; x_wconf 90' lang='lat' dir='ltr'>pecuniae</span> 
     </span>
     <span class='ocr_line' id='line_1_10' title="bbox 143 1054 1159 1142; baseline -0.003 -20"><span class='ocrx_word' id='word_1_74' title='bbox 143 1061 257 1142; x_wconf 85' lang='lat' dir='ltr'>captae</span> <span class='ocrx_word' id='word_1_75' title='bbox 285 1057 477 1122; x_wconf 73' lang='lat' dir='ltr'>conciliatae</span> <span class='ocrx_word' id='word_1_76' title='bbox 504 1055 655 1119; x_wconf 87' lang='lat' dir='ltr'>videntur</span> <span class='ocrx_word' id='word_1_77' title='bbox 682 1056 836 1120; x_wconf 88' lang='lat' dir='ltr'>adversus</span> <span class='ocrx_word' id='word_1_78' title='bbox 864 1055 969 1141; x_wconf 81' lang='lat' dir='ltr'>leges,</span> <span class='ocrx_word' id='word_1_79' title='bbox 1002 1054 1159 1120; x_wconf 88' lang='lat' dir='ltr'>adversus</span> 
     </span>
     <span class='ocr_line' id='line_1_11' title="bbox 143 1143 1203 1230; baseline -0.004 -21"><span class='ocrx_word' id='word_1_80' title='bbox 143 1144 396 1230; x_wconf 89' lang='lat' dir='ltr'>rempublicam</span> <span class='ocrx_word' id='word_1_81' title='bbox 420 1166 493 1209; x_wconf 88' lang='lat' dir='ltr'>oum</span> <span class='ocrx_word' id='word_1_82' title='bbox 516 1143 659 1209; x_wconf 84' lang='lat' dir='ltr'>maxima</span> <span class='ocrx_word' id='word_1_83' title='bbox 681 1143 842 1209; x_wconf 87' lang='lat' dir='ltr'>sociorum</span> <span class='ocrx_word' id='word_1_84' title='bbox 865 1143 993 1228; x_wconf 89' lang='lat' dir='ltr'>iniuria,</span> <span class='ocrx_word' id='word_1_85' title='bbox 1016 1166 1059 1208; x_wconf 89' lang='lat' dir='ltr'>an</span> <span class='ocrx_word' id='word_1_86' title='bbox 1081 1164 1160 1208; x_wconf 84' lang='lat' dir='ltr'>vero</span> <span class='ocrx_word' id='word_1_87' title='bbox 1176 1166 1203 1205; x_wconf 80' lang='grc' dir='ltr'>ιο</span> 
     </span>
     <span class='ocr_line' id='line_1_12' title="bbox 142 1231 1161 1317; baseline -0.002 -19"><span class='ocrx_word' id='word_1_88' title='bbox 142 1234 176 1299; x_wconf 91' lang='lat' dir='ltr'>id</span> <span class='ocrx_word' id='word_1_89' title='bbox 198 1236 298 1315; x_wconf 89' lang='lat' dir='ltr'>recte,</span> <span class='ocrx_word' id='word_1_90' title='bbox 323 1233 448 1315; x_wconf 88' lang='lat' dir='ltr'>ordine,</span> <span class='ocrx_word' id='word_1_91' title='bbox 472 1231 710 1317; x_wconf 88' lang='lat' dir='ltr'>erepublica,</span> <span class='ocrx_word' id='word_1_92' title='bbox 733 1232 803 1296; x_wconf 87' lang='lat' dir='ltr'>sine</span> <span class='ocrx_word' id='word_1_93' title='bbox 826 1232 1016 1315; x_wconf 88' lang='lat' dir='ltr'>cuiusquam</span> <span class='ocrx_word' id='word_1_94' title='bbox 1038 1231 1161 1297; x_wconf 83' lang='lat' dir='ltr'>iniuria</span> 
     </span>
     <span class='ocr_line' id='line_1_13' title="bbox 142 1320 553 1388; baseline 0 -3"><span class='ocrx_word' id='word_1_95' title='bbox 142 1321 267 1388; x_wconf 86' lang='lat' dir='ltr'>factum</span> <span class='ocrx_word' id='word_1_96' title='bbox 291 1342 361 1385; x_wconf 89' lang='lat' dir='ltr'>esse</span> <span class='ocrx_word' id='word_1_97' title='bbox 386 1320 553 1385; x_wconf 84' lang='lat' dir='ltr'>defendis?</span> 
     </span>
    </p>

    <p class='ocr_par' dir='ltr' id='par_1_3' title="bbox 91 1408 1202 1848">
     <span class='ocr_line' id='line_1_14' title="bbox 91 1408 1160 1494; baseline 0 -21"><span class='ocrx_word' id='word_1_98' title='bbox 91 1421 142 1473; x_wconf 77' lang='lat'>195</span> <span class='ocrx_word' id='word_1_99' title='bbox 211 1408 293 1475; x_wconf 81' lang='lat' dir='ltr'>Cum</span> <span class='ocrx_word' id='word_1_100' title='bbox 310 1409 374 1473; x_wconf 91' lang='lat' dir='ltr'>tibi</span> <span class='ocrx_word' id='word_1_101' title='bbox 391 1411 524 1473; x_wconf 88' lang='lat' dir='ltr'>senatus</span> <span class='ocrx_word' id='word_1_102' title='bbox 544 1429 582 1473; x_wconf 87' lang='lat' dir='ltr'>ex</span> <span class='ocrx_word' id='word_1_103' title='bbox 601 1409 727 1473; x_wconf 89' lang='lat' dir='ltr'>aerario</span> <span class='ocrx_word' id='word_1_104' title='bbox 749 1408 919 1494; x_wconf 87' lang='lat' dir='ltr'>pecuniam</span> <span class='ocrx_word' id='word_1_105' title='bbox 941 1409 1160 1493; x_wconf 75' lang='lat' dir='ltr'>prompsisset</span> 
     </span>
     <span class='ocr_line' id='line_1_15' title="bbox 144 1497 1158 1583; baseline 0 -22"><span class='ocrx_word' id='word_1_106' title='bbox 144 1501 177 1562; x_wconf 93' lang='lat' dir='ltr'>et</span> <span class='ocrx_word' id='word_1_107' title='bbox 204 1497 352 1583; x_wconf 80' lang='lat' dir='ltr'>singulos</span> <span class='ocrx_word' id='word_1_108' title='bbox 380 1497 443 1560; x_wconf 88' lang='lat' dir='ltr'>tibi</span> <span class='ocrx_word' id='word_1_109' title='bbox 472 1497 622 1561; x_wconf 89' lang='lat' dir='ltr'>denarios</span> <span class='ocrx_word' id='word_1_110' title='bbox 645 1497 904 1581; x_wconf 79' lang='lat' dir='ltr'>adnumerasset,</span> <span class='ocrx_word' id='word_1_111' title='bbox 932 1518 1013 1580; x_wconf 89' lang='lat' dir='ltr'>quos</span> <span class='ocrx_word' id='word_1_112' title='bbox 1035 1500 1074 1561; x_wconf 92' lang='lat' dir='ltr'>tu</span> <span class='ocrx_word' id='word_1_113' title='bbox 1095 1518 1158 1582; x_wconf 89' lang='lat' dir='ltr'>pro</span> 
     </span>
     <span class='ocr_line' id='line_1_16' title="bbox 143 1584 1202 1672; baseline -0.005 -22"><span class='ocrx_word' id='word_1_114' title='bbox 143 1586 282 1672; x_wconf 82' lang='lat' dir='ltr'>singulis</span> <span class='ocrx_word' id='word_1_115' title='bbox 314 1585 432 1651; x_wconf 91' lang='lat' dir='ltr'>modiis</span> <span class='ocrx_word' id='word_1_116' title='bbox 463 1585 649 1651; x_wconf 87' lang='lat' dir='ltr'>aratoribus</span> <span class='ocrx_word' id='word_1_117' title='bbox 678 1587 835 1668; x_wconf 86' lang='lat' dir='ltr'>solveres,</span> <span class='ocrx_word' id='word_1_118' title='bbox 868 1584 945 1670; x_wconf 91' lang='lat' dir='ltr'>quid</span> <span class='ocrx_word' id='word_1_119' title='bbox 970 1584 1077 1650; x_wconf 88' lang='lat' dir='ltr'>facere</span> <span class='ocrx_word' id='word_1_120' title='bbox 1106 1585 1159 1650; x_wconf 79' lang='lat' dir='ltr'>de</span> <span class='ocrx_word' id='word_1_121' title='bbox 1173 1604 1202 1645; x_wconf 85' lang='lat'>15</span> 
     </span>
     <span class='ocr_line' id='line_1_17' title="bbox 142 1671 1159 1759; baseline -0.001 -20"><span class='ocrx_word' id='word_1_122' title='bbox 142 1674 266 1739; x_wconf 91' lang='lat' dir='ltr'>buisti?</span> <span class='ocrx_word' id='word_1_123' title='bbox 312 1671 360 1758; x_wconf 87' lang='lat' dir='ltr'>Si,</span> <span class='ocrx_word' id='word_1_124' title='bbox 393 1673 480 1758; x_wconf 92' lang='lat' dir='ltr'>quod</span> <span class='ocrx_word' id='word_1_125' title='bbox 506 1672 542 1737; x_wconf 82' lang='lat' dir='ltr'>L.</span> <span class='ocrx_word' id='word_1_126' title='bbox 559 1673 636 1738; x_wconf 90' lang='lat' dir='ltr'>Piso</span> <span class='ocrx_word' id='word_1_127' title='bbox 668 1673 726 1738; x_wconf 90' lang='lat' dir='ltr'>ille</span> <span class='ocrx_word' id='word_1_128' title='bbox 751 1672 867 1759; x_wconf 79' lang='lat' dir='ltr'>Frugi,</span> <span class='ocrx_word' id='word_1_129' title='bbox 900 1673 956 1758; x_wconf 92' lang='lat' dir='ltr'>qui</span> <span class='ocrx_word' id='word_1_130' title='bbox 982 1674 1087 1759; x_wconf 83' lang='lat' dir='ltr'>legem</span> <span class='ocrx_word' id='word_1_131' title='bbox 1118 1673 1159 1738; x_wconf 87' lang='lat' dir='ltr'>dc</span> 
     </span>
     <span class='ocr_line' id='line_1_18' title="bbox 143 1761 1195 1848; baseline -0.002 -20"><span class='ocrx_word' id='word_1_132' title='bbox 143 1762 288 1848; x_wconf 87' lang='lat' dir='ltr'>pecuniis</span> <span class='ocrx_word' id='word_1_133' title='bbox 311 1761 498 1848; x_wconf 87' lang='lat' dir='ltr'>repetundis</span> <span class='ocrx_word' id='word_1_134' title='bbox 520 1761 646 1846; x_wconf 91' lang='lat' dir='ltr'>primus</span> <span class='ocrx_word' id='word_1_135' title='bbox 669 1761 756 1846; x_wconf 89' lang='lat' dir='ltr'>tulit,</span> <span class='ocrx_word' id='word_1_136' title='bbox 779 1783 852 1827; x_wconf 91' lang='lat' dir='ltr'>cum</span> <span class='ocrx_word' id='word_1_137' title='bbox 876 1761 1019 1847; x_wconf 85' lang='lat' dir='ltr'>emisses,</span> <span class='ocrx_word' id='word_1_138' title='bbox 1042 1762 1160 1846; x_wconf 87' lang='lat' dir='ltr'>quanti</span> <span class='ocrx_word' id='word_1_139' title='bbox 1189 1761 1195 1774; x_wconf 68' lang='lat'>⁸</span> 
     </span>
    </p>

    <p class='ocr_par' dir='ltr' id='par_1_4' title="bbox 87 1849 1202 2534">
     <span class='ocr_line' id='line_1_19' title="bbox 87 1849 1158 1936; baseline -0.001 -20"><span class='ocrx_word' id='word_1_140' title='bbox 87 1865 90 1876; x_wconf 77' lang='lat'><strong><em>‘</em></strong></span> <span class='ocrx_word' id='word_1_141' title='bbox 144 1855 240 1936; x_wconf 87' lang='lat' dir='ltr'>esset,</span> <span class='ocrx_word' id='word_1_142' title='bbox 264 1851 350 1935; x_wconf 89' lang='lat' dir='ltr'>quod</span> <span class='ocrx_word' id='word_1_143' title='bbox 373 1854 542 1936; x_wconf 86' lang='lat' dir='ltr'>superaret</span> <span class='ocrx_word' id='word_1_144' title='bbox 563 1849 728 1935; x_wconf 87' lang='lat' dir='ltr'>pecuniae,</span> <span class='ocrx_word' id='word_1_145' title='bbox 751 1849 948 1933; x_wconf 63' lang='lat' dir='ltr'>rettulissem</span> <span class='ocrx_word' id='word_1_146' title='bbox 971 1851 1009 1933; x_wconf 86' lang='lat' dir='ltr'>si,</span> <span class='ocrx_word' id='word_1_147' title='bbox 1031 1853 1068 1914; x_wconf 90' lang='lat' dir='ltr'>ut</span> <span class='ocrx_word' id='word_1_148' title='bbox 1091 1872 1158 1915; x_wconf 89' lang='lat' dir='ltr'>am·</span> 
     </span>
     <span class='ocr_line' id='line_1_20' title="bbox 143 1938 1158 2024; baseline -0.002 -19"><span class='ocrx_word' id='word_1_149' title='bbox 143 1940 258 2005; x_wconf 87' lang='lat' dir='ltr'>bitiosi</span> <span class='ocrx_word' id='word_1_150' title='bbox 275 1939 423 2005; x_wconf 89' lang='lat' dir='ltr'>homines</span> <span class='ocrx_word' id='word_1_151' title='bbox 444 1942 500 2003; x_wconf 87' lang='lat' dir='ltr'>aut</span> <span class='ocrx_word' id='word_1_152' title='bbox 518 1938 661 2024; x_wconf 83' lang='lat' dir='ltr'>benigni,</span> <span class='ocrx_word' id='word_1_153' title='bbox 683 1961 755 2003; x_wconf 90' lang='lat' dir='ltr'>cum</span> <span class='ocrx_word' id='word_1_154' title='bbox 773 1938 878 2023; x_wconf 91' lang='lat' dir='ltr'>pluris</span> <span class='ocrx_word' id='word_1_155' title='bbox 897 1942 1029 2004; x_wconf 88' lang='lat' dir='ltr'>senatus</span> <span class='ocrx_word' id='word_1_156' title='bbox 1048 1942 1158 2003; x_wconf 87' lang='lat' dir='ltr'>aestu-</span> 
     </span>
     <span class='ocr_line' id='line_1_21' title="bbox 144 2027 1202 2113; baseline -0.007 -20"><span class='ocrx_word' id='word_1_157' title='bbox 144 2032 280 2112; x_wconf 90' lang='lat' dir='ltr'>masset,</span> <span class='ocrx_word' id='word_1_158' title='bbox 303 2050 401 2113; x_wconf 89' lang='lat' dir='ltr'>quam</span> <span class='ocrx_word' id='word_1_159' title='bbox 419 2027 534 2112; x_wconf 90' lang='lat' dir='ltr'>quanti</span> <span class='ocrx_word' id='word_1_160' title='bbox 556 2030 642 2091; x_wconf 89' lang='lat' dir='ltr'>esset</span> <span class='ocrx_word' id='word_1_161' title='bbox 665 2049 808 2111; x_wconf 88' lang='lat' dir='ltr'>annona,</span> <span class='ocrx_word' id='word_1_162' title='bbox 831 2048 870 2091; x_wconf 84' lang='lat' dir='ltr'>ex</span> <span class='ocrx_word' id='word_1_163' title='bbox 893 2030 1025 2092; x_wconf 86' lang='lat' dir='ltr'>senatus</span> <span class='ocrx_word' id='word_1_164' title='bbox 1048 2030 1158 2092; x_wconf 87' lang='lat' dir='ltr'>aestu·</span> <span class='ocrx_word' id='word_1_165' title='bbox 1173 2047 1202 2086; x_wconf 82' lang='lat' dir='ltr'>ro</span> 
     </span>
     <span class='ocr_line' id='line_1_22' title="bbox 144 2114 1158 2201; baseline -0.001 -21"><span class='ocrx_word' id='word_1_166' title='bbox 144 2117 302 2201; x_wconf 81' lang='lat' dir='ltr'>motione,</span> <span class='ocrx_word' id='word_1_167' title='bbox 332 2139 399 2180; x_wconf 89' lang='lat' dir='ltr'>non</span> <span class='ocrx_word' id='word_1_168' title='bbox 432 2137 471 2180; x_wconf 83' lang='lat' dir='ltr'>ex</span> <span class='ocrx_word' id='word_1_169' title='bbox 499 2136 646 2181; x_wconf 78' lang='lat' dir='ltr'>emoneo</span> <span class='ocrx_word' id='word_1_170' title='bbox 672 2115 801 2180; x_wconf 89' lang='lat' dir='ltr'>ratione</span> <span class='ocrx_word' id='word_1_171' title='bbox 828 2115 995 2199; x_wconf 84' lang='lat' dir='ltr'>solvisscs3</span> <span class='ocrx_word' id='word_1_172' title='bbox 1027 2114 1092 2199; x_wconf 91' lang='lat' dir='ltr'>sin,</span> <span class='ocrx_word' id='word_1_173' title='bbox 1118 2119 1158 2179; x_wconf 88' lang='lat' dir='ltr'>ut</span> 
     </span>
     <span class='ocr_line' id='line_1_23' title="bbox 143 2203 1157 2289; baseline 0 -21"><span class='ocrx_word' id='word_1_174' title='bbox 143 2205 289 2289; x_wconf 88' lang='lat' dir='ltr'>plerique</span> <span class='ocrx_word' id='word_1_175' title='bbox 317 2204 456 2288; x_wconf 84' lang='lat' dir='ltr'>faciunt,</span> <span class='ocrx_word' id='word_1_176' title='bbox 482 2204 517 2268; x_wconf 91' lang='lat' dir='ltr'>in</span> <span class='ocrx_word' id='word_1_177' title='bbox 545 2225 609 2288; x_wconf 92' lang='lat' dir='ltr'>quo</span> <span class='ocrx_word' id='word_1_178' title='bbox 632 2206 704 2268; x_wconf 88' lang='lat' dir='ltr'>erat</span> <span class='ocrx_word' id='word_1_179' title='bbox 727 2203 829 2288; x_wconf 83' lang='lat' dir='ltr'>aliqui</span> <span class='ocrx_word' id='word_1_180' title='bbox 852 2207 1019 2288; x_wconf 82' lang='lat' dir='ltr'>quaestus,</span> <span class='ocrx_word' id='word_1_181' title='bbox 1047 2203 1157 2268; x_wconf 87' lang='lat' dir='ltr'>sedis</span> 
     </span>
     <span class='ocr_line' id='line_1_24' title="bbox 143 2291 1157 2377; baseline 0 -21"><span class='ocrx_word' id='word_1_182' title='bbox 143 2291 300 2356; x_wconf 87' lang='lat' dir='ltr'>honestus</span> <span class='ocrx_word' id='word_1_183' title='bbox 324 2296 422 2375; x_wconf 93' lang='lat' dir='ltr'>atque</span> <span class='ocrx_word' id='word_1_184' title='bbox 445 2313 625 2376; x_wconf 89' lang='lat' dir='ltr'>concessus,</span> <span class='ocrx_word' id='word_1_185' title='bbox 648 2291 858 2376; x_wconf 90' lang='lat' dir='ltr'>frumentum,</span> <span class='ocrx_word' id='word_1_186' title='bbox 881 2292 1035 2377; x_wconf 89' lang='lat' dir='ltr'>quoniam</span> <span class='ocrx_word' id='word_1_187' title='bbox 1058 2291 1157 2357; x_wconf 89' lang='lat' dir='ltr'>vilius</span> 
     </span>
     <span class='ocr_line' id='line_1_25' title="bbox 144 2380 1157 2465; baseline 0 -21"><span class='ocrx_word' id='word_1_188' title='bbox 144 2383 224 2464; x_wconf 88' lang='lat' dir='ltr'>erat,</span> <span class='ocrx_word' id='word_1_189' title='bbox 246 2401 288 2444; x_wconf 88' lang='lat' dir='ltr'>ne</span> <span class='ocrx_word' id='word_1_190' title='bbox 306 2381 449 2463; x_wconf 88' lang='lat' dir='ltr'>emisses,</span> <span class='ocrx_word' id='word_1_191' title='bbox 473 2380 667 2465; x_wconf 80' lang='lat' dir='ltr'>sumpsisses</span> <span class='ocrx_word' id='word_1_192' title='bbox 689 2380 724 2444; x_wconf 93' lang='lat' dir='ltr'>id</span> <span class='ocrx_word' id='word_1_193' title='bbox 745 2380 1070 2465; x_wconf 81' lang='lat' dir='ltr'>nummorum„quod</span> <span class='ocrx_word' id='word_1_194' title='bbox 1093 2380 1157 2445; x_wconf 92' lang='lat' dir='ltr'>tibi</span> 
     </span>
     <span class='ocr_line' id='line_1_26' title="bbox 144 2467 1199 2534; baseline 0 -2"><span class='ocrx_word' id='word_1_195' title='bbox 144 2471 276 2533; x_wconf 88' lang='lat' dir='ltr'>senatus</span> <span class='ocrx_word' id='word_1_196' title='bbox 300 2467 401 2533; x_wconf 87' lang='lat' dir='ltr'>cellae</span> <span class='ocrx_word' id='word_1_197' title='bbox 423 2469 555 2533; x_wconf 93' lang='lat' dir='ltr'>nomine</span> <span class='ocrx_word' id='word_1_198' title='bbox 578 2471 790 2534; x_wconf 75' lang='lat' dir='ltr'>concesserat.</span> <span class='ocrx_word' id='word_1_199' title='bbox 1171 2486 1199 2528; x_wconf 77' lang='lat' dir='ltr'>ss</span> 
     </span>
    </p>

    <p class='ocr_par' dir='ltr' id='par_1_5' title="bbox 91 2555 1199 2994">
     <span class='ocr_line' id='line_1_27' title="bbox 91 2555 1158 2640; baseline 0.002 -20"><span class='ocrx_word' id='word_1_200' title='bbox 91 2555 134 2620; x_wconf 84' lang='lat'>85</span> <span class='ocrx_word' id='word_1_201' title='bbox 210 2555 282 2621; x_wconf 91' lang='lat' dir='ltr'>Hoc</span> <span class='ocrx_word' id='word_1_202' title='bbox 312 2577 390 2621; x_wconf 89' lang='lat' dir='ltr'>vero</span> <span class='ocrx_word' id='word_1_203' title='bbox 423 2556 501 2640; x_wconf 93' lang='lat' dir='ltr'>quid</span> <span class='ocrx_word' id='word_1_204' title='bbox 532 2557 604 2621; x_wconf 88' lang='lat' dir='ltr'>est?</span> <span class='ocrx_word' id='word_1_205' title='bbox 640 2578 739 2640; x_wconf 89' lang='lat' dir='ltr'>quam</span> <span class='ocrx_word' id='word_1_206' title='bbox 769 2556 871 2621; x_wconf 88' lang='lat' dir='ltr'>habet</span> <span class='ocrx_word' id='word_1_207' title='bbox 897 2557 1057 2622; x_wconf 88' lang='lat' dir='ltr'>rationem</span> <span class='ocrx_word' id='word_1_208' title='bbox 1089 2578 1158 2622; x_wconf 92' lang='lat' dir='ltr'>non</span> 
     </span>
     <span class='ocr_line' id='line_1_28' title="bbox 143 2643 1157 2730; baseline 0.002 -22"><span class='ocrx_word' id='word_1_209' title='bbox 143 2666 264 2729; x_wconf 83' lang='lat' dir='ltr'>quaero</span> <span class='ocrx_word' id='word_1_210' title='bbox 283 2644 468 2729; x_wconf 87' lang='lat' dir='ltr'>aequitatis,</span> <span class='ocrx_word' id='word_1_211' title='bbox 491 2644 547 2709; x_wconf 88' lang='lat' dir='ltr'>sed</span> <span class='ocrx_word' id='word_1_212' title='bbox 569 2643 673 2729; x_wconf 89' lang='lat' dir='ltr'>ipsius</span> <span class='ocrx_word' id='word_1_213' title='bbox 695 2645 918 2729; x_wconf 80' lang='lat' dir='ltr'>improbitatis</span> <span class='ocrx_word' id='word_1_214' title='bbox 942 2649 1040 2729; x_wconf 92' lang='lat' dir='ltr'>atque</span> <span class='ocrx_word' id='word_1_215' title='bbox 1063 2645 1157 2730; x_wconf 90' lang='lat' dir='ltr'>inpu-</span> 
     </span>
     <span class='ocr_line' id='line_1_29' title="bbox 143 2732 1157 2818; baseline 0.001 -21"><span class='ocrx_word' id='word_1_216' title='bbox 143 2733 294 2798; x_wconf 81' lang='lat' dir='ltr'>dentiae?</span> <span class='ocrx_word' id='word_1_217' title='bbox 329 2733 443 2817; x_wconf 90' lang='lat' dir='ltr'>Neque</span> <span class='ocrx_word' id='word_1_218' title='bbox 458 2733 544 2797; x_wconf 91' lang='lat' dir='ltr'>enim</span> <span class='ocrx_word' id='word_1_219' title='bbox 558 2736 608 2797; x_wconf 90' lang='lat' dir='ltr'>est</span> <span class='ocrx_word' id='word_1_220' title='bbox 621 2732 690 2798; x_wconf 89' lang='lat' dir='ltr'>fere</span> <span class='ocrx_word' id='word_1_221' title='bbox 704 2733 886 2818; x_wconf 88' lang='lat' dir='ltr'>quicquam,</span> <span class='ocrx_word' id='word_1_222' title='bbox 906 2734 992 2818; x_wconf 90' lang='lat' dir='ltr'>quod</span> <span class='ocrx_word' id='word_1_223' title='bbox 1004 2733 1157 2799; x_wconf 91' lang='lat' dir='ltr'>homines</span> 
     </span>
     <span class='ocr_line' id='line_1_30' title="bbox 142 2820 1157 2907; baseline 0 -21"><span class='ocrx_word' id='word_1_224' title='bbox 142 2822 253 2907; x_wconf 88' lang='lat' dir='ltr'>palam</span> <span class='ocrx_word' id='word_1_225' title='bbox 271 2820 378 2886; x_wconf 87' lang='lat' dir='ltr'>facere</span> <span class='ocrx_word' id='word_1_226' title='bbox 397 2821 537 2886; x_wconf 89' lang='lat' dir='ltr'>audeant</span> <span class='ocrx_word' id='word_1_227' title='bbox 554 2821 590 2885; x_wconf 92' lang='lat' dir='ltr'>in</span> <span class='ocrx_word' id='word_1_228' title='bbox 607 2821 805 2907; x_wconf 81' lang='lat' dir='ltr'>magistratu</span> <span class='ocrx_word' id='word_1_229' title='bbox 825 2821 972 2906; x_wconf 88' lang='lat' dir='ltr'>quamvis</span> <span class='ocrx_word' id='word_1_230' title='bbox 996 2821 1157 2906; x_wconf 90' lang='lat' dir='ltr'>improbe,</span> 
     </span>
     <span class='ocr_line' id='line_1_31' title="bbox 143 2908 1199 2994; baseline -0.005 -19"><span class='ocrx_word' id='word_1_231' title='bbox 143 2910 222 2994; x_wconf 92' lang='lat' dir='ltr'>quin</span> <span class='ocrx_word' id='word_1_232' title='bbox 248 2910 317 2975; x_wconf 90' lang='lat' dir='ltr'>eius</span> <span class='ocrx_word' id='word_1_233' title='bbox 343 2908 424 2974; x_wconf 89' lang='lat' dir='ltr'>facti</span> <span class='ocrx_word' id='word_1_234' title='bbox 452 2909 479 2974; x_wconf 91' lang='lat' dir='ltr'>si</span> <span class='ocrx_word' id='word_1_235' title='bbox 506 2931 573 2974; x_wconf 90' lang='lat' dir='ltr'>non</span> <span class='ocrx_word' id='word_1_236' title='bbox 599 2909 733 2994; x_wconf 90' lang='lat' dir='ltr'>bonam,</span> <span class='ocrx_word' id='word_1_237' title='bbox 760 2915 796 2975; x_wconf 87' lang='lat' dir='ltr'>at</span> <span class='ocrx_word' id='word_1_238' title='bbox 826 2910 970 2994; x_wconf 88' lang='lat' dir='ltr'>aliquam</span> <span class='ocrx_word' id='word_1_239' title='bbox 993 2910 1158 2975; x_wconf 82' lang='lat' dir='ltr'>rationem</span> <span class='ocrx_word' id='word_1_240' title='bbox 1172 2929 1199 2970; x_wconf 84' lang='lat' dir='ltr'>ao</span> 
     </span>
    </p>

    <p class='ocr_par' dir='ltr' id='par_1_6' title="bbox 93 2996 1202 3611">
     <span class='ocr_line' id='line_1_32' title="bbox 93 2996 1159 3084; baseline 0.002 -24"><span class='ocrx_word' id='word_1_241' title='bbox 93 3012 141 3062; x_wconf 76' lang='lat'>196</span> <span class='ocrx_word' id='word_1_242' title='bbox 160 2998 287 3063; x_wconf 84' lang='lat' dir='ltr'>adferre</span> <span class='ocrx_word' id='word_1_243' title='bbox 311 2998 447 3063; x_wconf 87' lang='lat' dir='ltr'>soleant.</span> <span class='ocrx_word' id='word_1_244' title='bbox 486 2996 558 3063; x_wconf 93' lang='lat' dir='ltr'>Hoc</span> <span class='ocrx_word' id='word_1_245' title='bbox 582 2997 753 3082; x_wconf 82' lang='lat' dir='ltr'>quidest?</span> <span class='ocrx_word' id='word_1_246' title='bbox 794 2996 895 3062; x_wconf 86' lang='lat' dir='ltr'>Venit</span> <span class='ocrx_word' id='word_1_247' title='bbox 916 3002 1063 3084; x_wconf 82' lang='lat' dir='ltr'>praetor3</span> <span class='ocrx_word' id='word_1_248' title='bbox 1090 2998 1159 3062; x_wconf 86' lang='lat' dir='ltr'>fru-</span> 
     </span>
     <span class='ocr_line' id='line_1_33' title="bbox 142 3085 1158 3171; baseline 0.001 -21"><span class='ocrx_word' id='word_1_249' title='bbox 142 3090 296 3170; x_wconf 88' lang='lat' dir='ltr'>mentum,</span> <span class='ocrx_word' id='word_1_250' title='bbox 314 3086 431 3170; x_wconf 89' lang='lat' dir='ltr'>inquit,</span> <span class='ocrx_word' id='word_1_251' title='bbox 449 3107 501 3151; x_wconf 92' lang='lat' dir='ltr'>me</span> <span class='ocrx_word' id='word_1_252' title='bbox 520 3085 630 3151; x_wconf 88' lang='lat' dir='ltr'>abste</span> <span class='ocrx_word' id='word_1_253' title='bbox 649 3107 754 3150; x_wconf 87' lang='lat' dir='ltr'>emere</span> <span class='ocrx_word' id='word_1_254' title='bbox 776 3089 914 3170; x_wconf 89' lang='lat' dir='ltr'>oportet.</span> <span class='ocrx_word' id='word_1_255' title='bbox 940 3124 978 3133; x_wconf 90' lang='lat'>—</span> <span class='ocrx_word' id='word_1_256' title='bbox 1004 3085 1158 3171; x_wconf 63' lang='lat' dir='ltr'>Optume·</span> 
     </span>
     <span class='ocr_line' id='line_1_34' title="bbox 144 3173 1159 3260; baseline -0.001 -21"><span class='ocrx_word' id='word_1_257' title='bbox 144 3211 182 3220; x_wconf 97' lang='lat'><em>-</em></span> <span class='ocrx_word' id='word_1_258' title='bbox 208 3174 351 3239; x_wconf 88' lang='lat' dir='ltr'>Denario</span> <span class='ocrx_word' id='word_1_259' title='bbox 374 3174 526 3239; x_wconf 90' lang='lat' dir='ltr'>modium.</span> <span class='ocrx_word' id='word_1_260' title='bbox 557 3209 598 3220; x_wconf 89' lang='lat'>-</span> <span class='ocrx_word' id='word_1_261' title='bbox 625 3173 772 3260; x_wconf 83' lang='lat' dir='ltr'>Benigne</span> <span class='ocrx_word' id='word_1_262' title='bbox 795 3197 833 3241; x_wconf 88' lang='lat' dir='ltr'>ac</span> <span class='ocrx_word' id='word_1_263' title='bbox 855 3175 1050 3257; x_wconf 69' lang='lat' dir='ltr'>liberalitem</span> <span class='ocrx_word' id='word_1_264' title='bbox 1076 3195 1159 3239; x_wconf 89' lang='lat' dir='ltr'>nem</span> 
     </span>
     <span class='ocr_line' id='line_1_35' title="bbox 141 3260 1159 3348; baseline 0.002 -23"><span class='ocrx_word' id='word_1_265' title='bbox 141 3282 201 3345; x_wconf 79' lang='lat' dir='ltr'>ego</span> <span class='ocrx_word' id='word_1_266' title='bbox 226 3261 327 3325; x_wconf 91' lang='lat' dir='ltr'>ternis</span> <span class='ocrx_word' id='word_1_267' title='bbox 348 3260 404 3328; x_wconf 83' lang='lat' dir='ltr'>Hs</span> <span class='ocrx_word' id='word_1_268' title='bbox 427 3284 494 3327; x_wconf 92' lang='lat' dir='ltr'>non</span> <span class='ocrx_word' id='word_1_269' title='bbox 516 3283 651 3348; x_wconf 86' lang='lat' dir='ltr'>possum</span> <span class='ocrx_word' id='word_1_270' title='bbox 672 3262 821 3328; x_wconf 87' lang='lat' dir='ltr'>vendere.</span> <span class='ocrx_word' id='word_1_271' title='bbox 847 3299 885 3312; x_wconf 92' lang='lat'><em>-</em></span> <span class='ocrx_word' id='word_1_272' title='bbox 909 3263 991 3327; x_wconf 92' lang='lat' dir='ltr'>Mihi</span> <span class='ocrx_word' id='word_1_273' title='bbox 1014 3262 1159 3327; x_wconf 89' lang='lat' dir='ltr'>frumen-</span> 
     </span>
     <span class='ocr_line' id='line_1_36' title="bbox 141 3350 1202 3435; baseline -0.001 -24"><span class='ocrx_word' id='word_1_274' title='bbox 141 3351 212 3412; x_wconf 87' lang='lat' dir='ltr'>tum</span> <span class='ocrx_word' id='word_1_275' title='bbox 234 3370 301 3412; x_wconf 88' lang='lat' dir='ltr'>non</span> <span class='ocrx_word' id='word_1_276' title='bbox 324 3371 404 3433; x_wconf 89' lang='lat' dir='ltr'>opus</span> <span class='ocrx_word' id='word_1_277' title='bbox 428 3353 491 3434; x_wconf 88' lang='lat' dir='ltr'>est,</span> <span class='ocrx_word' id='word_1_278' title='bbox 514 3372 664 3414; x_wconf 90' lang='lat' dir='ltr'>nummos</span> <span class='ocrx_word' id='word_1_279' title='bbox 688 3351 772 3416; x_wconf 91' lang='lat' dir='ltr'>volo.</span> <span class='ocrx_word' id='word_1_280' title='bbox 798 3387 835 3397; x_wconf 89' lang='grc'><strong>-</strong></span> <span class='ocrx_word' id='word_1_281' title='bbox 861 3350 948 3416; x_wconf 90' lang='lat' dir='ltr'>Nam</span> <span class='ocrx_word' id='word_1_282' title='bbox 971 3351 1158 3435; x_wconf 86' lang='lat' dir='ltr'>sperabam,</span> <span class='ocrx_word' id='word_1_283' title='bbox 1173 3369 1202 3410; x_wconf 82' lang='lat' dir='ltr'>es</span> 
     </span>
     <span class='ocr_line' id='line_1_37' title="bbox 141 3434 1159 3523; baseline 0.007 -26"><span class='ocrx_word' id='word_1_284' title='bbox 141 3434 247 3517; x_wconf 89' lang='lat' dir='ltr'>inquit</span> <span class='ocrx_word' id='word_1_285' title='bbox 275 3439 399 3520; x_wconf 88' lang='lat' dir='ltr'>arator,</span> <span class='ocrx_word' id='word_1_286' title='bbox 427 3459 479 3501; x_wconf 91' lang='lat' dir='ltr'>me</span> <span class='ocrx_word' id='word_1_287' title='bbox 508 3437 548 3502; x_wconf 85' lang='lat' dir='ltr'>ed</span> <span class='ocrx_word' id='word_1_288' title='bbox 577 3439 725 3502; x_wconf 89' lang='lat' dir='ltr'>denarios</span> <span class='ocrx_word' id='word_1_289' title='bbox 752 3442 998 3523; x_wconf 87' lang='lat' dir='ltr'>perventurum,</span> <span class='ocrx_word' id='word_1_290' title='bbox 1027 3437 1099 3523; x_wconf 86' lang='lat' dir='ltr'>scd,</span> <span class='ocrx_word' id='word_1_291' title='bbox 1129 3441 1159 3504; x_wconf 89' lang='lat' dir='ltr'>si</span> 
     </span>
     <span class='ocr_line' id='line_1_38' title="bbox 140 3520 1155 3611; baseline 0.01 -30"><span class='ocrx_word' id='word_1_292' title='bbox 140 3520 190 3582; x_wconf 91' lang='lat' dir='ltr'>ita</span> <span class='ocrx_word' id='word_1_293' title='bbox 216 3541 345 3585; x_wconf 86' lang='lat' dir='ltr'>necesse</span> <span class='ocrx_word' id='word_1_294' title='bbox 368 3525 432 3605; x_wconf 89' lang='lat' dir='ltr'>est,</span> <span class='ocrx_word' id='word_1_295' title='bbox 460 3525 574 3607; x_wconf 87' lang='lat' dir='ltr'>quanti</span> <span class='ocrx_word' id='word_1_296' title='bbox 595 3525 795 3591; x_wconf 84' lang='lat' dir='ltr'>frumentum</span> <span class='ocrx_word' id='word_1_297' title='bbox 818 3526 876 3611; x_wconf 90' lang='lat' dir='ltr'>sit,</span> <span class='ocrx_word' id='word_1_298' title='bbox 904 3526 1081 3592; x_wconf 88' lang='lat' dir='ltr'>considera.</span> <span class='ocrx_word' id='word_1_299' title='bbox 1114 3563 1155 3576; x_wconf 89' lang='lat'><em>-</em></span> 
     </span>
    </p>
   </div>
   <div class='ocr_carea' id='block_1_3' title="bbox 0 0 1316 3884">
    <p class='ocr_par' dir='ltr' id='par_1_7' title="bbox 0 0 1316 3884">
     <span class='ocr_line' id='line_1_39' title="bbox 0 0 1316 3884; baseline 0 0"><span class='ocrx_word' id='word_1_300' title='bbox 0 0 1316 3884; x_wconf 95' lang='lat' dir='ltr'> </span> 
     </span>
    </p>
   </div>
  </div>
 </body>
</html>
