<?xml version="1.0" encoding="UTF-8"?>
<!DOCTYPE html PUBLIC "-//W3C//DTD XHTML 1.0 Transitional//EN"
    "http://www.w3.org/TR/xhtml1/DTD/xhtml1-transitional.dtd">
<html xmlns="http://www.w3.org/1999/xhtml" xml:lang="en" lang="en">
 <head>
  <title>
</title>
<meta http-equiv="Content-Type" content="text/html;charset=utf-8" />
  <meta name='ocr-system' content='tesseract 3.04.00' />
  <meta name='ocr-capabilities' content='ocr_page ocr_carea ocr_par ocr_line ocrx_word'/>
</head>
<body>
  <div class='ocr_page' id='page_1' title='image "./scriptaquaemans01mullgoog_0564.png"; bbox 0 0 2622 3884; ppageno 0'>
   <div class='ocr_carea' id='block_1_1' title="bbox 268 186 1133 262">
    <p class='ocr_par' dir='ltr' id='par_1_1' title="bbox 268 186 1133 262">
     <span class='ocr_line' id='line_1_1' title="bbox 268 186 1133 262; baseline 0.013 -17"><span class='ocrx_word' id='word_1_1' title='bbox 268 186 273 194; x_wconf 88' lang='lat'>&#39;</span> <span class='ocrx_word' id='word_1_2' title='bbox 386 191 453 247; x_wconf 73' lang='grc' dir='ltr'><strong>ΜΒ.</strong></span> <span class='ocrx_word' id='word_1_3' title='bbox 473 192 499 248; x_wconf 86' lang='lat' dir='ltr'><strong>V</strong></span> <span class='ocrx_word' id='word_1_4' title='bbox 527 191 602 247; x_wconf 79' lang='lat' dir='ltr'>CAP.</span> <span class='ocrx_word' id='word_1_5' title='bbox 622 199 665 262; x_wconf 83' lang='lat' dir='ltr'><strong>ar,</strong></span> <span class='ocrx_word' id='word_1_6' title='bbox 684 199 718 247; x_wconf 78' lang='lat' dir='ltr'><strong>aa</strong></span> <span class='ocrx_word' id='word_1_7' title='bbox 737 198 752 258; x_wconf 77' lang='lat' dir='ltr'><strong>s</strong></span> <span class='ocrx_word' id='word_1_8' title='bbox 771 197 884 247; x_wconf 73' lang='lat' dir='ltr'><strong>rsa-os.</strong></span> <span class='ocrx_word' id='word_1_9' title='bbox 1067 190 1133 256; x_wconf 83' lang='lat'><strong>449</strong></span> 
     </span>
    </p>
   </div>
   <div class='ocr_carea' id='block_1_2' title="bbox 4 335 1187 598">
    <p class='ocr_par' dir='ltr' id='par_1_2' title="bbox 4 335 1187 598">
     <span class='ocr_line' id='line_1_2' title="bbox 123 335 1187 421; baseline -0.004 -21"><span class='ocrx_word' id='word_1_10' title='bbox 123 339 222 420; x_wconf 90' lang='lat' dir='ltr'><strong>atque</strong></span> <span class='ocrx_word' id='word_1_11' title='bbox 241 336 438 401; x_wconf 79' lang='lat' dir='ltr'><strong>comitatus?</strong></span> <span class='ocrx_word' id='word_1_12' title='bbox 474 335 527 402; x_wconf 83' lang='lat' dir='ltr'><strong>En</strong></span> <span class='ocrx_word' id='word_1_13' title='bbox 548 337 715 401; x_wconf 87' lang='lat' dir='ltr'><strong>foederum</strong></span> <span class='ocrx_word' id='word_1_14' title='bbox 738 337 943 421; x_wconf 71' lang='lat' dir='ltr'><strong>interpretes,</strong></span> <span class='ocrx_word' id='word_1_15' title='bbox 967 335 1133 401; x_wconf 89' lang='lat' dir='ltr'><strong>societatis</strong></span> <span class='ocrx_word' id='word_1_16' title='bbox 1153 346 1187 397; x_wconf 76' lang='lat' dir='ltr'><strong>os</strong></span> 
     </span>
     <span class='ocr_line' id='line_1_3' title="bbox 122 421 1135 512; baseline -0.002 -23.209"><span class='ocrx_word' id='word_1_17' title='bbox 122 428 286 509; x_wconf 90' lang='lat' dir='ltr'><strong>pactores,</strong></span> <span class='ocrx_word' id='word_1_18' title='bbox 323 425 493 512; x_wconf 83' lang='lat' dir='ltr'><strong>religionis</strong></span> <span class='ocrx_word' id='word_1_19' title='bbox 525 427 688 490; x_wconf 82' lang='lat' dir='ltr'><strong>auctores!</strong></span> <span class='ocrx_word' id='word_1_20' title='bbox 737 423 925 509; x_wconf 82' lang='lat' dir='ltr'><strong>Numquam</strong></span> <span class='ocrx_word' id='word_1_21' title='bbox 956 424 991 489; x_wconf 93' lang='lat' dir='ltr'><strong>in</strong></span> <span class='ocrx_word' id='word_1_22' title='bbox 1023 421 1135 490; x_wconf 79' lang='lat' dir='ltr'><strong>Sicilia</strong></span> 
     </span>
     <span class='ocr_line' id='line_1_4' title="bbox 4 512 1134 598; baseline 0.003 -23"><span class='ocrx_word' id='word_1_23' title='bbox 4 527 13 568; x_wconf 76' lang='lat'><em>3</em></span> <span class='ocrx_word' id='word_1_24' title='bbox 122 512 324 592; x_wconf 85' lang='lat' dir='ltr'><strong>frumentum</strong></span> <span class='ocrx_word' id='word_1_25' title='bbox 341 514 471 598; x_wconf 87' lang='lat' dir='ltr'><strong>publice</strong></span> <span class='ocrx_word' id='word_1_26' title='bbox 494 516 545 578; x_wconf 87' lang='lat' dir='ltr'><strong>est</strong></span> <span class='ocrx_word' id='word_1_27' title='bbox 568 517 723 598; x_wconf 88' lang='lat' dir='ltr'><strong>emptum,</strong></span> <span class='ocrx_word' id='word_1_28' title='bbox 747 513 825 597; x_wconf 90' lang='lat' dir='ltr'><strong>quin</strong></span> <span class='ocrx_word' id='word_1_29' title='bbox 846 512 1050 578; x_wconf 75' lang='lat' dir='ltr'><strong>Mamertinis</strong></span> <span class='ocrx_word' id='word_1_30' title='bbox 1073 534 1134 598; x_wconf 88' lang='lat' dir='ltr'><strong>pro</strong></span> 
     </span>
    </p>
   </div>
   <div class='ocr_carea' id='block_1_3' title="bbox 4 600 1137 1039">
    <p class='ocr_par' dir='ltr' id='par_1_3' title="bbox 4 600 1137 1039">
     <span class='ocr_line' id='line_1_5' title="bbox 4 600 1135 687; baseline 0 -22"><span class='ocrx_word' id='word_1_31' title='bbox 4 615 12 658; x_wconf 71' lang='lat' dir='ltr'><strong>t</strong></span> <span class='ocrx_word' id='word_1_32' title='bbox 123 601 275 686; x_wconf 83' lang='lat' dir='ltr'><strong>portione</strong></span> <span class='ocrx_word' id='word_1_33' title='bbox 302 600 531 687; x_wconf 84' lang='lat' dir='ltr'><strong>imperaretur,</strong></span> <span class='ocrx_word' id='word_1_34' title='bbox 563 605 739 685; x_wconf 88' lang='lat' dir='ltr'><strong>antequam</strong></span> <span class='ocrx_word' id='word_1_35' title='bbox 766 601 829 666; x_wconf 91' lang='lat' dir='ltr'><strong>hoc</strong></span> <span class='ocrx_word' id='word_1_36' title='bbox 856 601 1017 666; x_wconf 86' lang='lat' dir='ltr'><strong>delectum</strong></span> <span class='ocrx_word' id='word_1_37' title='bbox 1044 623 1135 686; x_wconf 90' lang='lat' dir='ltr'><strong>prae-</strong></span> 
     </span>
     <span class='ocr_line' id='line_1_6' title="bbox 4 689 1134 774; baseline 0.004 -26"><span class='ocrx_word' id='word_1_38' title='bbox 4 709 9 748; x_wconf 92' lang='lat'>:</span> <span class='ocrx_word' id='word_1_39' title='bbox 93 691 313 774; x_wconf 77' lang='lat' dir='ltr'><strong>colorumque</strong></span> <span class='ocrx_word' id='word_1_40' title='bbox 346 690 518 755; x_wconf 88' lang='lat' dir='ltr'><strong>consilium</strong></span> <span class='ocrx_word' id='word_1_41' title='bbox 546 690 609 755; x_wconf 88' lang='lat' dir='ltr'><strong>iste</strong></span> <span class='ocrx_word' id='word_1_42' title='bbox 637 690 740 774; x_wconf 85' lang='lat' dir='ltr'><strong>dedit,</strong></span> <span class='ocrx_word' id='word_1_43' title='bbox 771 693 808 754; x_wconf 91' lang='lat' dir='ltr'><strong>ut</strong></span> <span class='ocrx_word' id='word_1_44' title='bbox 836 689 877 754; x_wconf 89' lang='lat' dir='ltr'><strong>ab</strong></span> <span class='ocrx_word' id='word_1_45' title='bbox 904 689 956 752; x_wconf 91' lang='lat' dir='ltr'><strong>his</strong></span> <span class='ocrx_word' id='word_1_46' title='bbox 984 710 1134 754; x_wconf 90' lang='lat' dir='ltr'><strong>nummos</strong></span> 
     </span>
     <span class='ocr_line' id='line_1_7' title="bbox 124 775 1136 863; baseline -0.003 -19.318"><span class='ocrx_word' id='word_1_47' title='bbox 124 778 285 863; x_wconf 88' lang='lat' dir='ltr'><strong>acciperet</strong></span> <span class='ocrx_word' id='word_1_48' title='bbox 313 800 350 844; x_wconf 89' lang='lat' dir='ltr'><strong>ao</strong></span> <span class='ocrx_word' id='word_1_49' title='bbox 378 778 429 843; x_wconf 89' lang='lat' dir='ltr'><strong>sui</strong></span> <span class='ocrx_word' id='word_1_50' title='bbox 456 777 572 842; x_wconf 91' lang='lat' dir='ltr'><strong>similis</strong></span> <span class='ocrx_word' id='word_1_51' title='bbox 599 782 694 843; x_wconf 88' lang='lat' dir='ltr'><strong>esset.</strong></span> <span class='ocrx_word' id='word_1_52' title='bbox 739 775 855 861; x_wconf 88' lang='lat' dir='ltr'><strong>Itaque</strong></span> <span class='ocrx_word' id='word_1_53' title='bbox 878 781 1008 842; x_wconf 90' lang='lat' dir='ltr'><strong>tantum</strong></span> <span class='ocrx_word' id='word_1_54' title='bbox 1030 777 1136 843; x_wconf 81' lang='lat' dir='ltr'><strong>valuit</strong></span> 
     </span>
     <span class='ocr_line' id='line_1_8' title="bbox 4 865 1136 950; baseline 0.003 -23"><span class='ocrx_word' id='word_1_55' title='bbox 4 888 7 927; x_wconf 74' lang='lat' dir='ltr'><strong>l</strong></span> <span class='ocrx_word' id='word_1_56' title='bbox 123 866 219 931; x_wconf 90' lang='lat' dir='ltr'><strong>istius</strong></span> <span class='ocrx_word' id='word_1_57' title='bbox 239 866 360 932; x_wconf 81' lang='lat' dir='ltr'><strong>decreti</strong></span> <span class='ocrx_word' id='word_1_58' title='bbox 378 867 566 950; x_wconf 90' lang='lat' dir='ltr'><strong>auctoritas,</strong></span> <span class='ocrx_word' id='word_1_59' title='bbox 590 869 747 949; x_wconf 89' lang='lat' dir='ltr'><strong>quantum</strong></span> <span class='ocrx_word' id='word_1_60' title='bbox 768 867 879 930; x_wconf 84' lang='lat' dir='ltr'><strong>debuit</strong></span> <span class='ocrx_word' id='word_1_61' title='bbox 897 865 966 931; x_wconf 92' lang='lat' dir='ltr'><strong>eius</strong></span> <span class='ocrx_word' id='word_1_62' title='bbox 984 865 1136 950; x_wconf 89' lang='lat' dir='ltr'><strong>hominis,</strong></span> 
     </span>
     <span class='ocr_line' id='line_1_9' title="bbox 4 953 1137 1039; baseline 0.004 -25"><span class='ocrx_word' id='word_1_63' title='bbox 4 979 8 1014; x_wconf 63' lang='lat' dir='ltr'><strong>r</strong></span> <span class='ocrx_word' id='word_1_64' title='bbox 124 955 195 1039; x_wconf 91' lang='lat' dir='ltr'><strong>qui,</strong></span> <span class='ocrx_word' id='word_1_65' title='bbox 222 977 243 1020; x_wconf 89' lang='lat' dir='ltr'><strong>a</strong></span> <span class='ocrx_word' id='word_1_66' title='bbox 265 955 383 1039; x_wconf 86' lang='lat' dir='ltr'><strong>quibus</strong></span> <span class='ocrx_word' id='word_1_67' title='bbox 405 955 606 1020; x_wconf 87' lang='lat' dir='ltr'><strong>frumentum</strong></span> <span class='ocrx_word' id='word_1_68' title='bbox 630 976 735 1019; x_wconf 90' lang='lat' dir='ltr'><strong>emere</strong></span> <span class='ocrx_word' id='word_1_69' title='bbox 759 954 938 1038; x_wconf 85' lang='lat' dir='ltr'><strong>debuisset,</strong></span> <span class='ocrx_word' id='word_1_70' title='bbox 963 953 1005 1018; x_wconf 91' lang='lat' dir='ltr'><strong>iis</strong></span> <span class='ocrx_word' id='word_1_71' title='bbox 1029 953 1137 1019; x_wconf 89' lang='lat' dir='ltr'><strong>decre-</strong></span> 
     </span>
    </p>
   </div>
   <div class='ocr_carea' id='block_1_4' title="bbox 4 1041 1136 1214">
    <p class='ocr_par' dir='ltr' id='par_1_4' title="bbox 4 1041 1136 1196">
     <span class='ocr_line' id='line_1_10' title="bbox 4 1041 1136 1108; baseline 0.003 -4"><span class='ocrx_word' id='word_1_72' title='bbox 4 1067 10 1104; x_wconf 74' lang='lat'>:</span> <span class='ocrx_word' id='word_1_73' title='bbox 124 1047 196 1108; x_wconf 91' lang='lat' dir='ltr'><strong>tum</strong></span> <span class='ocrx_word' id='word_1_74' title='bbox 214 1043 422 1108; x_wconf 85' lang='lat' dir='ltr'><strong>vendidisset.</strong></span> <span class='ocrx_word' id='word_1_75' title='bbox 461 1041 548 1107; x_wconf 91' lang='lat' dir='ltr'><strong>Nam</strong></span> <span class='ocrx_word' id='word_1_76' title='bbox 571 1043 739 1108; x_wconf 88' lang='lat' dir='ltr'><strong>statimL.</strong></span> <span class='ocrx_word' id='word_1_77' title='bbox 753 1042 966 1108; x_wconf 88' lang='lat' dir='ltr'><strong>Metellusut</strong></span> <span class='ocrx_word' id='word_1_78' title='bbox 951 1041 1046 1106; x_wconf 89' lang='lat' dir='ltr'><strong>tisti</strong></span> <span class='ocrx_word' id='word_1_79' title='bbox 1068 1064 1136 1107; x_wconf 88' lang='lat' dir='ltr'><strong>suc·</strong></span> 
     </span>
     <span class='ocr_line' id='line_1_11' title="bbox 4 1129 1136 1214; baseline -0.001 -18"><span class='ocrx_word' id='word_1_80' title='bbox 4 1157 9 1196; x_wconf 65' lang='lat' dir='ltr'><strong>r</strong></span> <span class='ocrx_word' id='word_1_81' title='bbox 80 1151 111 1190; x_wconf 89' lang='grc' dir='ltr'><strong>ιο</strong></span> <span class='ocrx_word' id='word_1_82' title='bbox 125 1131 237 1214; x_wconf 87' lang='lat' dir='ltr'><strong>cessit,</strong></span> <span class='ocrx_word' id='word_1_83' title='bbox 265 1153 304 1195; x_wconf 87' lang='lat' dir='ltr'><strong>ex</strong></span> <span class='ocrx_word' id='word_1_84' title='bbox 327 1129 362 1196; x_wconf 79' lang='lat' dir='ltr'><strong>(l</strong></span> <span class='ocrx_word' id='word_1_85' title='bbox 382 1129 566 1196; x_wconf 84' lang='lat' dir='ltr'><strong>Sacerdotis</strong></span> <span class='ocrx_word' id='word_1_86' title='bbox 594 1135 627 1196; x_wconf 89' lang='lat' dir='ltr'><strong>et</strong></span> <span class='ocrx_word' id='word_1_87' title='bbox 651 1153 689 1195; x_wconf 87' lang='lat' dir='ltr'><strong>ex</strong></span> <span class='ocrx_word' id='word_1_88' title='bbox 713 1129 783 1195; x_wconf 82' lang='lat' dir='ltr'><strong>Sex.</strong></span> <span class='ocrx_word' id='word_1_89' title='bbox 801 1130 960 1196; x_wconf 87' lang='lat' dir='ltr'><strong>Peducaei</strong></span> <span class='ocrx_word' id='word_1_90' title='bbox 982 1130 1136 1195; x_wconf 89' lang='lat' dir='ltr'><strong>instituto</strong></span> 
     </span>
    </p>
   </div>
   <div class='ocr_carea' id='block_1_5' title="bbox 2 1195 1190 3669">
    <p class='ocr_par' dir='ltr' id='par_1_5' title="bbox 2 1195 1190 2963">
     <span class='ocr_line' id='line_1_12' title="bbox 4 1195 1190 1304; baseline -0.003 -18"><span class='ocrx_word' id='word_1_91' title='bbox 4 1247 6 1302; x_wconf 70' lang='lat'><em>{</em></span> <span class='ocrx_word' id='word_1_92' title='bbox 125 1242 163 1286; x_wconf 91' lang='lat' dir='ltr'><strong>ac</strong></span> <span class='ocrx_word' id='word_1_93' title='bbox 197 1219 237 1284; x_wconf 90' lang='lat' dir='ltr'><strong>lit</strong></span> <span class='ocrx_word' id='word_1_94' title='bbox 223 1219 317 1284; x_wconf 88' lang='lat' dir='ltr'><strong>tteris</strong></span> <span class='ocrx_word' id='word_1_95' title='bbox 349 1219 493 1284; x_wconf 73' lang='lat' dir='ltr'><strong>hument</strong></span> <span class='ocrx_word' id='word_1_96' title='bbox 478 1223 549 1284; x_wconf 91' lang='lat' dir='ltr'><strong>tum</strong></span> <span class='ocrx_word' id='word_1_97' title='bbox 581 1218 786 1285; x_wconf 86' lang='lat' dir='ltr'><strong>Mamertinis</strong></span> <span class='ocrx_word' id='word_1_98' title='bbox 818 1219 1002 1304; x_wconf 86' lang='lat' dir='ltr'><strong>imperavit.</strong></span> <span class='ocrx_word' id='word_1_99' title='bbox 1051 1195 1190 1283; x_wconf 74' lang='lat' dir='ltr'><strong>Tum22</strong></span> 
     </span>
     <span class='ocr_line' id='line_1_13' title="bbox 4 1274 1189 1392; baseline -0.002 -20"><span class='ocrx_word' id='word_1_100' title='bbox 4 1333 8 1372; x_wconf 80' lang='lat' dir='ltr'><em>z</em></span> <span class='ocrx_word' id='word_1_101' title='bbox 124 1308 199 1372; x_wconf 91' lang='lat' dir='ltr'><strong>illi</strong></span> <span class='ocrx_word' id='word_1_102' title='bbox 189 1312 239 1372; x_wconf 90' lang='lat' dir='ltr'><strong>mt</strong></span> <span class='ocrx_word' id='word_1_103' title='bbox 225 1308 421 1372; x_wconf 87' lang='lat' dir='ltr'><strong>tellexerunt</strong></span> <span class='ocrx_word' id='word_1_104' title='bbox 435 1330 469 1372; x_wconf 94' lang='lat' dir='ltr'><strong>se</strong></span> <span class='ocrx_word' id='word_1_105' title='bbox 482 1308 525 1392; x_wconf 91' lang='lat' dir='ltr'><strong>id,</strong></span> <span class='ocrx_word' id='word_1_106' title='bbox 544 1307 665 1392; x_wconf 88' lang='lat' dir='ltr'><strong>quoda</strong></span> <span class='ocrx_word' id='word_1_107' title='bbox 683 1309 771 1373; x_wconf 90' lang='lat' dir='ltr'><strong>malo</strong></span> <span class='ocrx_word' id='word_1_108' title='bbox 790 1311 922 1373; x_wconf 87' lang='lat' dir='ltr'><strong>auctore</strong></span> <span class='ocrx_word' id='word_1_109' title='bbox 941 1307 1106 1391; x_wconf 85' lang='lat' dir='ltr'><strong>emissent,</strong></span> <span class='ocrx_word' id='word_1_110' title='bbox 1155 1274 1189 1324; x_wconf 69' lang='lat'><strong>⁶⁶</strong></span> 
     </span>
     <span class='ocr_line' id='line_1_14' title="bbox 125 1356 1188 1482; baseline -0.003 -20.307"><span class='ocrx_word' id='word_1_111' title='bbox 125 1397 247 1462; x_wconf 88' lang='lat' dir='ltr'><strong>diutius</strong></span> <span class='ocrx_word' id='word_1_112' title='bbox 266 1397 412 1480; x_wconf 91' lang='lat' dir='ltr'><strong>optinere</strong></span> <span class='ocrx_word' id='word_1_113' title='bbox 430 1418 497 1461; x_wconf 92' lang='lat' dir='ltr'><strong>non</strong></span> <span class='ocrx_word' id='word_1_114' title='bbox 518 1417 624 1481; x_wconf 86' lang='lat' dir='ltr'><strong>possa.</strong></span> <span class='ocrx_word' id='word_1_115' title='bbox 662 1395 736 1482; x_wconf 84' lang='lat' dir='ltr'><strong>Age</strong></span> <span class='ocrx_word' id='word_1_116' title='bbox 758 1417 866 1481; x_wconf 90' lang='lat' dir='ltr'><strong>porro,</strong></span> <span class='ocrx_word' id='word_1_117' title='bbox 889 1399 935 1480; x_wconf 90' lang='lat' dir='ltr'><strong>tu,</strong></span> <span class='ocrx_word' id='word_1_118' title='bbox 959 1395 1014 1479; x_wconf 88' lang='lat' dir='ltr'><strong>qui</strong></span> <span class='ocrx_word' id='word_1_119' title='bbox 1036 1399 1107 1460; x_wconf 90' lang='lat' dir='ltr'><strong>tam</strong></span> <span class='ocrx_word' id='word_1_120' title='bbox 1096 1356 1188 1444; x_wconf 73' lang='lat'>(22)</span> 
     </span>
     <span class='ocr_line' id='line_1_15' title="bbox 4 1449 1182 1570; baseline -0.003 -20"><span class='ocrx_word' id='word_1_121' title='bbox 4 1511 7 1550; x_wconf 74' lang='lat' dir='ltr'>z</span> <span class='ocrx_word' id='word_1_122' title='bbox 126 1484 317 1570; x_wconf 89' lang='lat' dir='ltr'><strong>religiosum</strong></span> <span class='ocrx_word' id='word_1_123' title='bbox 327 1484 507 1549; x_wconf 88' lang='lat' dir='ltr'><strong>existimari</strong></span> <span class='ocrx_word' id='word_1_124' title='bbox 518 1489 551 1548; x_wconf 89' lang='lat' dir='ltr'><strong>te</strong></span> <span class='ocrx_word' id='word_1_125' title='bbox 563 1485 699 1550; x_wconf 86' lang='lat' dir='ltr'><strong>voluisti</strong></span> <span class='ocrx_word' id='word_1_126' title='bbox 709 1485 922 1569; x_wconf 87' lang='lat' dir='ltr'><strong>interpretem</strong></span> <span class='ocrx_word' id='word_1_127' title='bbox 934 1482 1110 1567; x_wconf 85' lang='lat' dir='ltr'><strong>foederum,</strong></span> <span class='ocrx_word' id='word_1_128' title='bbox 1125 1449 1182 1516; x_wconf 61' lang='lat'><strong>(⁶⁶)</strong></span> 
     </span>
     <span class='ocr_line' id='line_1_16' title="bbox 4 1571 1137 1657; baseline -0.001 -19"><span class='ocrx_word' id='word_1_129' title='bbox 4 1579 7 1638; x_wconf 69' lang='lat' dir='ltr'><strong>l·</strong></span> <span class='ocrx_word' id='word_1_130' title='bbox 83 1591 111 1632; x_wconf 80' lang='lat'><strong>1⁵</strong></span> <span class='ocrx_word' id='word_1_131' title='bbox 126 1595 184 1639; x_wconf 89' lang='lat' dir='ltr'><strong>cur</strong></span> <span class='ocrx_word' id='word_1_132' title='bbox 198 1572 481 1637; x_wconf 83' lang='lat' dir='ltr'><strong>Tauromenitanis</strong></span> <span class='ocrx_word' id='word_1_133' title='bbox 495 1572 706 1657; x_wconf 88' lang='lat' dir='ltr'><strong>frumentum,</strong></span> <span class='ocrx_word' id='word_1_134' title='bbox 724 1594 781 1637; x_wconf 89' lang='lat' dir='ltr'><strong>cur</strong></span> <span class='ocrx_word' id='word_1_135' title='bbox 796 1571 926 1636; x_wconf 92' lang='lat' dir='ltr'><strong>Netinis</strong></span> <span class='ocrx_word' id='word_1_136' title='bbox 945 1571 1137 1656; x_wconf 80' lang='lat' dir='ltr'><strong>imperasti?</strong></span> 
     </span>
     <span class='ocr_line' id='line_1_17' title="bbox 4 1658 1138 1746; baseline -0.004 -18"><span class='ocrx_word' id='word_1_137' title='bbox 4 1667 6 1728; x_wconf 78' lang='grc' dir='ltr'>ἒ</span> <span class='ocrx_word' id='word_1_138' title='bbox 126 1683 263 1746; x_wconf 89' lang='lat' dir='ltr'><strong>quarum</strong></span> <span class='ocrx_word' id='word_1_139' title='bbox 291 1661 461 1726; x_wconf 88' lang='lat' dir='ltr'><strong>civitatum</strong></span> <span class='ocrx_word' id='word_1_140' title='bbox 487 1663 626 1745; x_wconf 90' lang='lat' dir='ltr'><strong>utraque</strong></span> <span class='ocrx_word' id='word_1_141' title='bbox 653 1661 822 1725; x_wconf 88' lang='lat' dir='ltr'><strong>foederata</strong></span> <span class='ocrx_word' id='word_1_142' title='bbox 849 1663 907 1725; x_wconf 92' lang='lat' dir='ltr'><strong>est.</strong></span> <span class='ocrx_word' id='word_1_143' title='bbox 953 1658 1003 1724; x_wconf 85' lang='lat' dir='ltr'><strong>Ae</strong></span> <span class='ocrx_word' id='word_1_144' title='bbox 1024 1658 1138 1724; x_wconf 92' lang='lat' dir='ltr'><strong>Netini</strong></span> 
     </span>
     <span class='ocr_line' id='line_1_18' title="bbox 2 1748 1139 1833; baseline -0.004 -17"><span class='ocrx_word' id='word_1_145' title='bbox 2 1779 6 1816; x_wconf 68' lang='lat' dir='ltr'><strong>r</strong></span> <span class='ocrx_word' id='word_1_146' title='bbox 126 1748 256 1833; x_wconf 89' lang='lat' dir='ltr'><strong>quidem</strong></span> <span class='ocrx_word' id='word_1_147' title='bbox 293 1749 356 1814; x_wconf 87' lang='lat' dir='ltr'><strong>sibi</strong></span> <span class='ocrx_word' id='word_1_148' title='bbox 390 1771 457 1814; x_wconf 92' lang='lat' dir='ltr'><strong>non</strong></span> <span class='ocrx_word' id='word_1_149' title='bbox 494 1749 665 1814; x_wconf 84' lang='lat' dir='ltr'><strong>defuerunt</strong></span> <span class='ocrx_word' id='word_1_150' title='bbox 696 1771 746 1832; x_wconf 87' lang='lat' dir='ltr'><strong>ac,</strong></span> <span class='ocrx_word' id='word_1_151' title='bbox 783 1748 880 1813; x_wconf 90' lang='lat' dir='ltr'><strong>simul</strong></span> <span class='ocrx_word' id='word_1_152' title='bbox 916 1748 1139 1832; x_wconf 85' lang='lat' dir='ltr'><strong>pronuntiasti</strong></span> 
     </span>
     <span class='ocr_line' id='line_1_19' title="bbox 3 1835 1136 1920; baseline -0.006 -14"><span class='ocrx_word' id='word_1_153' title='bbox 3 1901 4 1906; x_wconf 73' lang='grc'>,</span> <span class='ocrx_word' id='word_1_154' title='bbox 125 1838 266 1902; x_wconf 89' lang='lat' dir='ltr'><strong>libenter</strong></span> <span class='ocrx_word' id='word_1_155' title='bbox 280 1841 313 1902; x_wconf 89' lang='lat' dir='ltr'><strong>te</strong></span> <span class='ocrx_word' id='word_1_156' title='bbox 327 1836 532 1902; x_wconf 89' lang='lat' dir='ltr'><strong>Mamertinis</strong></span> <span class='ocrx_word' id='word_1_157' title='bbox 546 1836 721 1920; x_wconf 87' lang='lat' dir='ltr'><strong>remittere,</strong></span> <span class='ocrx_word' id='word_1_158' title='bbox 740 1839 773 1900; x_wconf 92' lang='lat' dir='ltr'><strong>te</strong></span> <span class='ocrx_word' id='word_1_159' title='bbox 788 1836 937 1900; x_wconf 81' lang='lat' dir='ltr'><strong>adierunt</strong></span> <span class='ocrx_word' id='word_1_160' title='bbox 951 1839 984 1899; x_wconf 88' lang='lat' dir='ltr'><strong>et</strong></span> <span class='ocrx_word' id='word_1_161' title='bbox 1003 1835 1136 1900; x_wconf 89' lang='lat' dir='ltr'><strong>eandem</strong></span> 
     </span>
     <span class='ocr_line' id='line_1_20' title="bbox 127 1922 1137 1991; baseline -0.004 -1"><span class='ocrx_word' id='word_1_162' title='bbox 127 1947 220 1991; x_wconf 88' lang='lat' dir='ltr'><strong>suam</strong></span> <span class='ocrx_word' id='word_1_163' title='bbox 248 1948 380 1991; x_wconf 91' lang='lat' dir='ltr'><strong>causam</strong></span> <span class='ocrx_word' id='word_1_164' title='bbox 406 1925 547 1990; x_wconf 86' lang='lat' dir='ltr'><strong>foederis</strong></span> <span class='ocrx_word' id='word_1_165' title='bbox 571 1946 641 1990; x_wconf 88' lang='lat' dir='ltr'><strong>esse</strong></span> <span class='ocrx_word' id='word_1_166' title='bbox 665 1925 852 1990; x_wconf 88' lang='lat' dir='ltr'><strong>docuerunt.</strong></span> <span class='ocrx_word' id='word_1_167' title='bbox 894 1922 943 1987; x_wconf 86' lang='lat' dir='ltr'><strong>Tu</strong></span> <span class='ocrx_word' id='word_1_168' title='bbox 967 1923 1063 1988; x_wconf 86' lang='lat' dir='ltr'><strong>aliter</strong></span> <span class='ocrx_word' id='word_1_169' title='bbox 1087 1924 1137 1987; x_wconf 88' lang='lat' dir='ltr'><strong>de-</strong></span> 
     </span>
     <span class='ocr_line' id='line_1_21' title="bbox 84 2010 1139 2098; baseline 0.002 -25"><span class='ocrx_word' id='word_1_170' title='bbox 84 2033 114 2073; x_wconf 80' lang='lat' dir='ltr'><strong>so</strong></span> <span class='ocrx_word' id='word_1_171' title='bbox 128 2035 257 2080; x_wconf 87' lang='lat' dir='ltr'><strong>cernere</strong></span> <span class='ocrx_word' id='word_1_172' title='bbox 281 2014 392 2079; x_wconf 91' lang='lat' dir='ltr'><strong>eadem</strong></span> <span class='ocrx_word' id='word_1_173' title='bbox 414 2013 449 2078; x_wconf 94' lang='lat' dir='ltr'><strong>in</strong></span> <span class='ocrx_word' id='word_1_174' title='bbox 473 2035 570 2079; x_wconf 91' lang='lat' dir='ltr'><strong>causa</strong></span> <span class='ocrx_word' id='word_1_175' title='bbox 592 2035 658 2078; x_wconf 94' lang='lat' dir='ltr'><strong>non</strong></span> <span class='ocrx_word' id='word_1_176' title='bbox 680 2012 832 2098; x_wconf 81' lang='lat' dir='ltr'><strong>potuisti3</strong></span> <span class='ocrx_word' id='word_1_177' title='bbox 859 2011 1052 2096; x_wconf 87' lang='lat' dir='ltr'><strong>pronuntias</strong></span> <span class='ocrx_word' id='word_1_178' title='bbox 1075 2010 1139 2075; x_wconf 91' lang='lat' dir='ltr'><strong>Ne·</strong></span> 
     </span>
     <span class='ocr_line' id='line_1_22' title="bbox 127 2099 1138 2167; baseline -0.002 -1"><span class='ocrx_word' id='word_1_179' title='bbox 127 2103 214 2167; x_wconf 91' lang='lat' dir='ltr'><strong>tinos</strong></span> <span class='ocrx_word' id='word_1_180' title='bbox 245 2103 445 2167; x_wconf 81' lang='lat' dir='ltr'><strong>frumentum</strong></span> <span class='ocrx_word' id='word_1_181' title='bbox 477 2102 553 2166; x_wconf 87' lang='lat' dir='ltr'><strong>dare</strong></span> <span class='ocrx_word' id='word_1_182' title='bbox 579 2123 646 2167; x_wconf 92' lang='lat' dir='ltr'><strong>non</strong></span> <span class='ocrx_word' id='word_1_183' title='bbox 673 2101 789 2165; x_wconf 89' lang='lat' dir='ltr'><strong>debere</strong></span> <span class='ocrx_word' id='word_1_184' title='bbox 817 2103 850 2164; x_wconf 93' lang='lat' dir='ltr'><strong>et</strong></span> <span class='ocrx_word' id='word_1_185' title='bbox 878 2099 919 2164; x_wconf 91' lang='lat' dir='ltr'><strong>ab</strong></span> <span class='ocrx_word' id='word_1_186' title='bbox 947 2099 999 2165; x_wconf 91' lang='lat' dir='ltr'><strong>his</strong></span> <span class='ocrx_word' id='word_1_187' title='bbox 1026 2102 1138 2164; x_wconf 91' lang='lat' dir='ltr'><strong>tamen</strong></span> 
     </span>
     <span class='ocr_line' id='line_1_23' title="bbox 128 2188 1150 2275; baseline -0.004 -19"><span class='ocrx_word' id='word_1_188' title='bbox 128 2191 241 2275; x_wconf 85' lang='lat' dir='ltr'><strong>exigis.</strong></span> <span class='ocrx_word' id='word_1_189' title='bbox 277 2189 363 2256; x_wconf 77' lang='lat' dir='ltr'><strong>Cedo</strong></span> <span class='ocrx_word' id='word_1_190' title='bbox 383 2190 464 2254; x_wconf 93' lang='lat' dir='ltr'><strong>mihi</strong></span> <span class='ocrx_word' id='word_1_191' title='bbox 483 2189 626 2254; x_wconf 90' lang='lat' dir='ltr'><strong>eiusdem</strong></span> <span class='ocrx_word' id='word_1_192' title='bbox 644 2188 806 2274; x_wconf 88' lang='lat' dir='ltr'><strong>praetoris</strong></span> <span class='ocrx_word' id='word_1_193' title='bbox 825 2188 954 2252; x_wconf 90' lang='lat' dir='ltr'><strong>litteras</strong></span> <span class='ocrx_word' id='word_1_194' title='bbox 973 2191 1007 2252; x_wconf 89' lang='lat' dir='ltr'><strong>et</strong></span> <span class='ocrx_word' id='word_1_195' title='bbox 1029 2209 1150 2252; x_wconf 88' lang='lat' dir='ltr'><strong>rerum-</strong></span> 
     </span>
     <span class='ocr_line' id='line_1_24' title="bbox 127 2275 1139 2362; baseline -0.003 -19"><span class='ocrx_word' id='word_1_196' title='bbox 127 2280 330 2344; x_wconf 89' lang='lat' dir='ltr'><strong>decretarum</strong></span> <span class='ocrx_word' id='word_1_197' title='bbox 359 2282 393 2343; x_wconf 90' lang='lat' dir='ltr'><strong>et</strong></span> <span class='ocrx_word' id='word_1_198' title='bbox 422 2278 579 2343; x_wconf 89' lang='lat' dir='ltr'><strong>frumenti</strong></span> <span class='ocrx_word' id='word_1_199' title='bbox 605 2277 766 2362; x_wconf 89' lang='lat' dir='ltr'><strong>imperati.</strong></span> <span class='ocrx_word' id='word_1_200' title='bbox 811 2275 991 2342; x_wconf 70' lang='lat' dir='ltr'>LITTERAE</span> <span class='ocrx_word' id='word_1_201' title='bbox 1017 2294 1139 2341; x_wconf 67' lang='lat' dir='ltr'><strong>aarum</strong></span> 
     </span>
     <span class='ocr_line' id='line_1_25' title="bbox 127 2365 1139 2452; baseline -0.003 -20"><span class='ocrx_word' id='word_1_202' title='bbox 127 2384 373 2433; x_wconf 67' lang='lat' dir='ltr'><strong>alsemannum.</strong></span> <span class='ocrx_word' id='word_1_203' title='bbox 410 2365 493 2441; x_wconf 86' lang='lat' dir='ltr'><strong>Quid</strong></span> <span class='ocrx_word' id='word_1_204' title='bbox 510 2369 621 2452; x_wconf 90' lang='lat' dir='ltr'><strong>potius</strong></span> <span class='ocrx_word' id='word_1_205' title='bbox 641 2366 677 2429; x_wconf 94' lang='lat' dir='ltr'><strong>in</strong></span> <span class='ocrx_word' id='word_1_206' title='bbox 698 2366 760 2430; x_wconf 88' lang='lat' dir='ltr'><strong>hac</strong></span> <span class='ocrx_word' id='word_1_207' title='bbox 782 2369 877 2430; x_wconf 91' lang='lat' dir='ltr'><strong>tanta</strong></span> <span class='ocrx_word' id='word_1_208' title='bbox 900 2368 934 2429; x_wconf 89' lang='lat' dir='ltr'><strong>et</strong></span> <span class='ocrx_word' id='word_1_209' title='bbox 955 2367 1025 2429; x_wconf 88' lang='lat' dir='ltr'><strong>tam</strong></span> <span class='ocrx_word' id='word_1_210' title='bbox 1048 2365 1139 2449; x_wconf 88' lang='lat' dir='ltr'><strong>turpi</strong></span> 
     </span>
     <span class='ocr_line' id='line_1_26' title="bbox 86 2453 1138 2540; baseline -0.004 -19"><span class='ocrx_word' id='word_1_211' title='bbox 86 2474 113 2514; x_wconf 75' lang='lat'><strong>²⁶</strong></span> <span class='ocrx_word' id='word_1_212' title='bbox 127 2456 348 2521; x_wconf 88' lang='lat' dir='ltr'><strong>inconstantia</strong></span> <span class='ocrx_word' id='word_1_213' title='bbox 380 2455 539 2540; x_wconf 89' lang='lat' dir='ltr'><strong>suspicari</strong></span> <span class='ocrx_word' id='word_1_214' title='bbox 569 2476 758 2540; x_wconf 85' lang='lat' dir='ltr'><strong>possumus,</strong></span> <span class='ocrx_word' id='word_1_215' title='bbox 793 2453 928 2537; x_wconf 89' lang='lat' dir='ltr'><strong>iudices,</strong></span> <span class='ocrx_word' id='word_1_216' title='bbox 966 2475 1064 2537; x_wconf 90' lang='lat' dir='ltr'><strong>quam</strong></span> <span class='ocrx_word' id='word_1_217' title='bbox 1096 2453 1138 2537; x_wconf 87' lang='lat' dir='ltr'><strong>id,</strong></span> 
     </span>
     <span class='ocr_line' id='line_1_27' title="bbox 129 2541 1139 2628; baseline -0.003 -20"><span class='ocrx_word' id='word_1_218' title='bbox 129 2544 216 2628; x_wconf 90' lang='lat' dir='ltr'><strong>quod</strong></span> <span class='ocrx_word' id='word_1_219' title='bbox 241 2565 373 2609; x_wconf 88' lang='lat' dir='ltr'><strong>necesse</strong></span> <span class='ocrx_word' id='word_1_220' title='bbox 401 2547 464 2627; x_wconf 91' lang='lat' dir='ltr'><strong>est,</strong></span> <span class='ocrx_word' id='word_1_221' title='bbox 493 2548 550 2608; x_wconf 88' lang='lat' dir='ltr'><strong>aut</strong></span> <span class='ocrx_word' id='word_1_222' title='bbox 577 2543 634 2607; x_wconf 92' lang='lat' dir='ltr'><strong>isti</strong></span> <span class='ocrx_word' id='word_1_223' title='bbox 658 2565 678 2608; x_wconf 90' lang='lat' dir='ltr'><strong>a</strong></span> <span class='ocrx_word' id='word_1_224' title='bbox 699 2541 829 2606; x_wconf 88' lang='lat' dir='ltr'><strong>Netinis</strong></span> <span class='ocrx_word' id='word_1_225' title='bbox 852 2541 1037 2627; x_wconf 86' lang='lat' dir='ltr'><strong>pecuniam,</strong></span> <span class='ocrx_word' id='word_1_226' title='bbox 1065 2564 1139 2606; x_wconf 89' lang='lat' dir='ltr'><strong>cum</strong></span> 
     </span>
     <span class='ocr_line' id='line_1_28' title="bbox 127 2629 1138 2718; baseline -0.004 -20"><span class='ocrx_word' id='word_1_227' title='bbox 127 2636 289 2718; x_wconf 90' lang='lat' dir='ltr'><strong>posceret,</strong></span> <span class='ocrx_word' id='word_1_228' title='bbox 316 2654 383 2698; x_wconf 91' lang='lat' dir='ltr'><strong>non</strong></span> <span class='ocrx_word' id='word_1_229' title='bbox 410 2631 533 2715; x_wconf 91' lang='lat' dir='ltr'><strong>datam,</strong></span> <span class='ocrx_word' id='word_1_230' title='bbox 561 2635 619 2695; x_wconf 91' lang='lat' dir='ltr'><strong>aut</strong></span> <span class='ocrx_word' id='word_1_231' title='bbox 644 2631 679 2695; x_wconf 91' lang='lat' dir='ltr'><strong>id</strong></span> <span class='ocrx_word' id='word_1_232' title='bbox 707 2652 776 2695; x_wconf 87' lang='lat' dir='ltr'><strong>esse</strong></span> <span class='ocrx_word' id='word_1_233' title='bbox 803 2634 925 2715; x_wconf 91' lang='lat' dir='ltr'><strong>actum,</strong></span> <span class='ocrx_word' id='word_1_234' title='bbox 952 2633 990 2696; x_wconf 89' lang='lat' dir='ltr'><strong>ut</strong></span> <span class='ocrx_word' id='word_1_235' title='bbox 1012 2629 1138 2694; x_wconf 80' lang='lat' dir='ltr'><strong>intelle</strong></span> 
     </span>
     <span class='ocr_line' id='line_1_29' title="bbox 130 2718 1139 2805; baseline -0.004 -19"><span class='ocrx_word' id='word_1_236' title='bbox 130 2724 245 2804; x_wconf 80' lang='lat' dir='ltr'><strong>gerent</strong></span> <span class='ocrx_word' id='word_1_237' title='bbox 275 2720 463 2785; x_wconf 86' lang='lat' dir='ltr'><strong>Mamertini</strong></span> <span class='ocrx_word' id='word_1_238' title='bbox 496 2720 578 2784; x_wconf 88' lang='lat' dir='ltr'><strong>bene</strong></span> <span class='ocrx_word' id='word_1_239' title='bbox 613 2741 648 2784; x_wconf 87' lang='lat' dir='ltr'><strong>se</strong></span> <span class='ocrx_word' id='word_1_240' title='bbox 682 2719 768 2805; x_wconf 88' lang='lat' dir='ltr'><strong>apud</strong></span> <span class='ocrx_word' id='word_1_241' title='bbox 798 2719 900 2783; x_wconf 88' lang='lat' dir='ltr'><strong>istum</strong></span> <span class='ocrx_word' id='word_1_242' title='bbox 931 2721 1001 2782; x_wconf 90' lang='lat' dir='ltr'><strong>tam</strong></span> <span class='ocrx_word' id='word_1_243' title='bbox 1033 2718 1139 2782; x_wconf 87' lang='lat' dir='ltr'><strong>multa</strong></span> 
     </span>
     <span class='ocr_line' id='line_1_30' title="bbox 129 2805 1137 2894; baseline -0.005 -21"><span class='ocrx_word' id='word_1_244' title='bbox 129 2809 235 2894; x_wconf 90' lang='lat' dir='ltr'><strong>pretia</strong></span> <span class='ocrx_word' id='word_1_245' title='bbox 263 2831 301 2874; x_wconf 91' lang='lat' dir='ltr'><strong>ac</strong></span> <span class='ocrx_word' id='word_1_246' title='bbox 324 2830 459 2873; x_wconf 89' lang='lat' dir='ltr'><strong>munera</strong></span> <span class='ocrx_word' id='word_1_247' title='bbox 482 2808 681 2892; x_wconf 88' lang='lat' dir='ltr'><strong>conlocasse,</strong></span> <span class='ocrx_word' id='word_1_248' title='bbox 709 2807 892 2873; x_wconf 89' lang='lat' dir='ltr'><strong>cumidem</strong></span> <span class='ocrx_word' id='word_1_249' title='bbox 915 2805 972 2870; x_wconf 88' lang='lat' dir='ltr'><strong>alii</strong></span> <span class='ocrx_word' id='word_1_250' title='bbox 994 2805 1075 2869; x_wconf 90' lang='lat' dir='ltr'><strong>iuris</strong></span> <span class='ocrx_word' id='word_1_251' title='bbox 1098 2826 1137 2868; x_wconf 85' lang='lat' dir='ltr'><strong>ex</strong></span> 
     </span>
     <span class='ocr_line' id='line_1_31' title="bbox 87 2896 681 2963; baseline -0.005 0"><span class='ocrx_word' id='word_1_252' title='bbox 87 2915 115 2956; x_wconf 72' lang='lat'><strong>⁸0</strong></span> <span class='ocrx_word' id='word_1_253' title='bbox 130 2898 242 2963; x_wconf 88' lang='lat' dir='ltr'><strong>eadem</strong></span> <span class='ocrx_word' id='word_1_254' title='bbox 265 2918 363 2961; x_wconf 88' lang='lat' dir='ltr'><strong>causa</strong></span> <span class='ocrx_word' id='word_1_255' title='bbox 384 2918 451 2962; x_wconf 88' lang='lat' dir='ltr'><strong>non</strong></span> <span class='ocrx_word' id='word_1_256' title='bbox 474 2896 681 2961; x_wconf 80' lang='lat' dir='ltr'><strong>obtinerent?</strong></span> 
     </span>
    </p>

    <p class='ocr_par' dir='ltr' id='par_1_6' title="bbox 129 2981 1188 3332">
     <span class='ocr_line' id='line_1_32' title="bbox 195 2981 1188 3050; baseline -0.006 0"><span class='ocrx_word' id='word_1_257' title='bbox 195 2985 259 3050; x_wconf 94' lang='lat' dir='ltr'><strong>Hic</strong></span> <span class='ocrx_word' id='word_1_258' title='bbox 277 2984 358 3048; x_wconf 92' lang='lat' dir='ltr'><strong>mihi</strong></span> <span class='ocrx_word' id='word_1_259' title='bbox 377 2985 477 3049; x_wconf 88' lang='lat' dir='ltr'><strong>etiam</strong></span> <span class='ocrx_word' id='word_1_260' title='bbox 498 2985 630 3049; x_wconf 86' lang='lat' dir='ltr'><strong>audebit</strong></span> <span class='ocrx_word' id='word_1_261' title='bbox 653 2984 851 3049; x_wconf 89' lang='lat' dir='ltr'><strong>mentionem</strong></span> <span class='ocrx_word' id='word_1_262' title='bbox 873 2981 980 3047; x_wconf 84' lang='lat' dir='ltr'><strong>facere</strong></span> <span class='ocrx_word' id='word_1_263' title='bbox 998 2981 1137 3045; x_wconf 92' lang='lat' dir='ltr'><strong>Mamer·</strong></span> <span class='ocrx_word' id='word_1_264' title='bbox 1156 2983 1188 3033; x_wconf 77' lang='lat'><strong>5⁷</strong></span> 
     </span>
     <span class='ocr_line' id='line_1_33' title="bbox 129 3070 1138 3156; baseline -0.007 -17"><span class='ocrx_word' id='word_1_265' title='bbox 129 3075 218 3139; x_wconf 85' lang='lat' dir='ltr'><strong>tinae</strong></span> <span class='ocrx_word' id='word_1_266' title='bbox 246 3072 458 3136; x_wconf 82' lang='lat' dir='ltr'><strong>laudationis!</strong></span> <span class='ocrx_word' id='word_1_267' title='bbox 488 3072 522 3136; x_wconf 90' lang='lat' dir='ltr'><strong>in</strong></span> <span class='ocrx_word' id='word_1_268' title='bbox 551 3095 614 3156; x_wconf 85' lang='lat' dir='ltr'><strong>qua</strong></span> <span class='ocrx_word' id='word_1_269' title='bbox 642 3095 740 3156; x_wconf 89' lang='lat' dir='ltr'><strong>quam</strong></span> <span class='ocrx_word' id='word_1_270' title='bbox 768 3071 874 3135; x_wconf 90' lang='lat' dir='ltr'><strong>multa</strong></span> <span class='ocrx_word' id='word_1_271' title='bbox 902 3070 968 3134; x_wconf 90' lang='lat' dir='ltr'><strong>sint</strong></span> <span class='ocrx_word' id='word_1_272' title='bbox 995 3070 1138 3153; x_wconf 87' lang='lat' dir='ltr'><strong>volnera,</strong></span> 
     </span>
     <span class='ocr_line' id='line_1_34' title="bbox 130 3156 1138 3248; baseline -0.006 -22"><span class='ocrx_word' id='word_1_273' title='bbox 130 3163 202 3248; x_wconf 90' lang='lat' dir='ltr'><strong>quis</strong></span> <span class='ocrx_word' id='word_1_274' title='bbox 231 3165 282 3225; x_wconf 88' lang='lat' dir='ltr'><strong>est</strong></span> <span class='ocrx_word' id='word_1_275' title='bbox 308 3164 466 3243; x_wconf 84' lang='lat' dir='ltr'><strong>vestrum,</strong></span> <span class='ocrx_word' id='word_1_276' title='bbox 493 3160 628 3243; x_wconf 90' lang='lat' dir='ltr'><strong>iudices,</strong></span> <span class='ocrx_word' id='word_1_277' title='bbox 655 3159 734 3243; x_wconf 88' lang='lat' dir='ltr'><strong>quin</strong></span> <span class='ocrx_word' id='word_1_278' title='bbox 755 3157 950 3242; x_wconf 80' lang='lat' dir='ltr'><strong>intellegat?</strong></span> <span class='ocrx_word' id='word_1_279' title='bbox 991 3156 1138 3221; x_wconf 89' lang='lat' dir='ltr'><strong>Primum</strong></span> 
     </span>
     <span class='ocr_line' id='line_1_35' title="bbox 131 3247 1138 3332; baseline -0.006 -17"><span class='ocrx_word' id='word_1_280' title='bbox 131 3253 193 3332; x_wconf 92' lang='lat' dir='ltr'><strong>[ut]</strong></span> <span class='ocrx_word' id='word_1_281' title='bbox 212 3250 248 3314; x_wconf 89' lang='lat' dir='ltr'><strong>in</strong></span> <span class='ocrx_word' id='word_1_282' title='bbox 265 3248 391 3314; x_wconf 87' lang='lat' dir='ltr'><strong>iudiciis</strong></span> <span class='ocrx_word' id='word_1_283' title='bbox 411 3248 467 3332; x_wconf 88' lang='lat' dir='ltr'><strong>qui</strong></span> <span class='ocrx_word' id='word_1_284' title='bbox 490 3248 599 3313; x_wconf 89' lang='lat' dir='ltr'><strong>decem</strong></span> <span class='ocrx_word' id='word_1_285' title='bbox 622 3248 808 3313; x_wconf 88' lang='lat' dir='ltr'><strong>laudatores</strong></span> <span class='ocrx_word' id='word_1_286' title='bbox 832 3247 908 3311; x_wconf 87' lang='lat' dir='ltr'><strong>dare</strong></span> <span class='ocrx_word' id='word_1_287' title='bbox 930 3267 997 3310; x_wconf 92' lang='lat' dir='ltr'><strong>non</strong></span> <span class='ocrx_word' id='word_1_288' title='bbox 1019 3249 1138 3330; x_wconf 89' lang='lat' dir='ltr'><strong>potest,</strong></span> 
     </span>
    </p>

    <p class='ocr_par' dir='ltr' id='par_1_7' title="bbox 89 3333 1138 3420">
     <span class='ocr_line' id='line_1_36' title="bbox 89 3333 1138 3420; baseline 0 -22"><span class='ocrx_word' id='word_1_289' title='bbox 89 3358 116 3399; x_wconf 81' lang='lat' dir='ltr'><strong>ss</strong></span> <span class='ocrx_word' id='word_1_290' title='bbox 129 3338 297 3404; x_wconf 89' lang='lat' dir='ltr'><strong>honestius</strong></span> <span class='ocrx_word' id='word_1_291' title='bbox 317 3341 367 3401; x_wconf 90' lang='lat' dir='ltr'><strong>est</strong></span> <span class='ocrx_word' id='word_1_292' title='bbox 385 3336 416 3401; x_wconf 89' lang='lat' dir='ltr'><strong>ei</strong></span> <span class='ocrx_word' id='word_1_293' title='bbox 433 3336 561 3400; x_wconf 90' lang='lat' dir='ltr'><strong>nullum</strong></span> <span class='ocrx_word' id='word_1_294' title='bbox 580 3337 656 3401; x_wconf 89' lang='lat' dir='ltr'><strong>dare</strong></span> <span class='ocrx_word' id='word_1_295' title='bbox 676 3357 773 3420; x_wconf 88' lang='lat' dir='ltr'><strong>quam</strong></span> <span class='ocrx_word' id='word_1_296' title='bbox 797 3334 891 3400; x_wconf 91' lang='lat' dir='ltr'><strong>illum</strong></span> <span class='ocrx_word' id='word_1_297' title='bbox 915 3334 1010 3417; x_wconf 88' lang='lat' dir='ltr'><strong>quasi</strong></span> <span class='ocrx_word' id='word_1_298' title='bbox 1032 3333 1138 3420; x_wconf 89' lang='lat' dir='ltr'><strong>legiti-</strong></span> 
     </span>
    </p>

    <p class='ocr_par' dir='ltr' id='par_1_8' title="bbox 129 3421 1139 3508">
     <span class='ocr_line' id='line_1_37' title="bbox 129 3421 1139 3508; baseline -0.007 -16"><span class='ocrx_word' id='word_1_299' title='bbox 129 3448 220 3492; x_wconf 90' lang='lat' dir='ltr'><strong>mum</strong></span> <span class='ocrx_word' id='word_1_300' title='bbox 250 3447 422 3492; x_wconf 88' lang='lat' dir='ltr'><strong>numerum</strong></span> <span class='ocrx_word' id='word_1_301' title='bbox 454 3424 694 3490; x_wconf 88' lang='lat' dir='ltr'><strong>consuetudinis</strong></span> <span class='ocrx_word' id='word_1_302' title='bbox 726 3446 793 3489; x_wconf 94' lang='lat' dir='ltr'><strong>non</strong></span> <span class='ocrx_word' id='word_1_303' title='bbox 825 3423 962 3508; x_wconf 84' lang='lat' dir='ltr'><strong>explere.</strong></span> <span class='ocrx_word' id='word_1_304' title='bbox 1013 3421 1077 3487; x_wconf 84' lang='lat' dir='ltr'><strong>Tot</strong></span> <span class='ocrx_word' id='word_1_305' title='bbox 1104 3422 1139 3486; x_wconf 92' lang='lat' dir='ltr'><strong>in</strong></span> 
     </span>
    </p>

    <p class='ocr_par' dir='ltr' id='par_1_9' title="bbox 130 3510 1138 3669">
     <span class='ocr_line' id='line_1_38' title="bbox 130 3510 1138 3596; baseline -0.005 -16"><span class='ocrx_word' id='word_1_306' title='bbox 130 3513 242 3580; x_wconf 79' lang='lat' dir='ltr'><strong>Sicilia</strong></span> <span class='ocrx_word' id='word_1_307' title='bbox 268 3515 417 3579; x_wconf 86' lang='lat' dir='ltr'><strong>civitates</strong></span> <span class='ocrx_word' id='word_1_308' title='bbox 446 3516 535 3596; x_wconf 90' lang='lat' dir='ltr'><strong>sunt,</strong></span> <span class='ocrx_word' id='word_1_309' title='bbox 564 3513 681 3596; x_wconf 88' lang='lat' dir='ltr'><strong>quibus</strong></span> <span class='ocrx_word' id='word_1_310' title='bbox 708 3515 746 3576; x_wconf 92' lang='lat' dir='ltr'><strong>tu</strong></span> <span class='ocrx_word' id='word_1_311' title='bbox 767 3534 826 3596; x_wconf 91' lang='lat' dir='ltr'><strong>per</strong></span> <span class='ocrx_word' id='word_1_312' title='bbox 848 3510 1025 3576; x_wconf 87' lang='lat' dir='ltr'><strong>triennium</strong></span> <span class='ocrx_word' id='word_1_313' title='bbox 1048 3533 1138 3596; x_wconf 85' lang='lat' dir='ltr'><strong>prae-</strong></span> 
     </span>
     <span class='ocr_line' id='line_1_39' title="bbox 182 3621 925 3669; baseline 0.001 -1"><span class='ocrx_word' id='word_1_314' title='bbox 182 3626 315 3669; x_wconf 81' lang='lat'><em>010.11.1.</em></span> <span class='ocrx_word' id='word_1_315' title='bbox 891 3621 925 3669; x_wconf 78' lang='lat'><strong>29</strong></span> 
     </span>
    </p>
   </div>
   <div class='ocr_carea' id='block_1_6' title="bbox 0 0 1323 3884">
    <p class='ocr_par' dir='ltr' id='par_1_10' title="bbox 0 0 1323 3884">
     <span class='ocr_line' id='line_1_40' title="bbox 0 0 1323 3884; baseline 0 0"><span class='ocrx_word' id='word_1_316' title='bbox 0 0 1323 3884; x_wconf 95' lang='lat' dir='ltr'><strong> </strong></span> 
     </span>
    </p>
   </div>
  </div>
 </body>
</html>
