2604 3880
461 196 540 253 ΟΔΡ.
559 205 629 254 2-4
647 203 662 264 ξ
681 203 777 254 5-12.
1057 199 1121 266 125

110 365 173 428 que
191 364 229 408 eo
249 341 429 427 despiceret
446 345 730 427 contemneretque
749 343 895 410 ordinem
913 345 1121 430 senatorium,

6 493 7 512 ξ
108 436 147 497 ut
170 431 333 498 arbitratu
353 430 422 498 eius
440 431 638 517 deligeretur
654 452 694 496 ex
712 435 836 516 senatu,
854 433 911 516 qui
927 453 1002 498 reus
1020 433 1122 518 fieret,

109 520 180 604 qui,
206 520 283 586 dum
306 519 372 603 hio,
396 541 477 603 quae
501 541 582 604 opus
606 523 727 603 essent,
750 525 969 605 compararet,
990 543 1122 588 causam

107 609 234 674 interea
257 610 333 672 ante
356 629 429 674 eum
453 607 581 674 diceret.

81 723 95 765 a
176 693 300 771 Quibus
323 716 384 782 ego
408 695 505 762 rebus
529 695 691 780 quidiste
715 699 824 781 speret
842 699 875 761 et
894 719 957 780 quo
977 697 1122 763 animum
1142 715 1175 764 10

109 784 273 868 intendat,
294 783 390 852 facile
412 784 588 869 perspicio,
611 805 709 868 quam
732 785 774 850 ob
797 805 866 849 rem
888 806 967 851 vero
991 806 1026 850 ae
1050 807 1123 852 con·

108 873 190 938 fidat
212 872 337 956 aliquid
357 873 513 957 proficere
536 892 632 957 posse
655 872 718 937 hoe
738 876 889 957 praetore
913 876 946 937 et
969 873 1032 939 hoc
1050 895 1123 940 eon·

110 961 198 1043 silio,
227 961 419 1047 intellegere
445 982 512 1026 non
537 981 686 1046 possum3
716 983 816 1025 unum
846 961 929 1026 illud
956 962 1123 1047 intellego,

110 1049 197 1134 quod
219 1049 360 1134 populus
383 1048 551 1115 Romanus
574 1049 610 1113 in
635 1049 809 1114 reiectione
836 1048 977 1114 iudicum
1004 1050 1118 1115 iudica

71 1165 96 1204 ιο
109 1138 166 1220 vit,
185 1158 224 1202 ea
242 1158 300 1222 spe
317 1137 419 1202 istum
436 1137 538 1202 tuisse
556 1137 749 1222 praeditum,
767 1142 805 1203 ut
818 1158 948 1202 omnem
961 1138 1122 1203 rationem

110 1225 226 1292 salutis
253 1225 289 1289 iu
314 1225 452 1310 pecunie
479 1226 704 1310 constitueret,
731 1225 794 1291 hoc
821 1230 932 1311 erepto
959 1227 1122 1312 praesidio

110 1318 147 1380 ut
167 1314 295 1379 nullam
318 1313 382 1379 sibi
404 1335 475 1378 rem
498 1313 683 1379 adiumento
706 1313 776 1380 fore
800 1314 1023 1381 arbitraretur.

174 1401 308 1468 Etenim
340 1402 427 1485 quod
458 1405 508 1468 est
539 1402 706 1488 ingenium
738 1406 883 1486 tantum,
916 1426 998 1488 quae
1028 1408 1162 1476 tanta4

108 1490 250 1556 facultas
273 1489 399 1556 dicendi
422 1493 455 1555 et
478 1490 584 1574 copia,
608 1513 689 1574 quae
713 1491 808 1556 istius
831 1491 936 1557 vitam
958 1495 1010 1558 tot
1031 1493 1123 1558 vitiis

70 1605 96 1645 15
110 1577 309 1666 flagitiisque
332 1577 523 1662 convictam,
548 1578 762 1664 iampridem
786 1579 930 1644 omnium
953 1581 1123 1646 voluntate

109 1667 292 1750 iudicioque
316 1666 504 1731 damnatam
523 1667 633 1750 aliqua
651 1689 689 1731 ex
703 1671 797 1751 parte
810 1667 917 1750 possit
931 1667 1123 1734 defendere?

110 1755 200 1820 euius
227 1757 266 1819 ut
292 1754 530 1820 adulescentiae
560 1756 704 1820 macules
736 1755 997 1840 ignominiasque
1028 1778 1124 1840 prae·
1143 1772 1174 1820 11

109 1847 243 1926 tarcum,
267 1847 441 1927 quaestura
460 1843 597 1928 [primus
620 1842 740 1927 gradus
763 1842 909 1923 honoris]
934 1843 1013 1926 quid
1034 1843 1124 1908 aliud

109 1932 212 1997 habet
245 1931 281 1996 in
313 1952 347 1996 se
377 1931 443 1996 nisi
477 1929 533 1996 On.
561 1929 742 1996 Carbonem
774 1930 952 2015 spoliatum
981 1953 1001 1996 a
1028 1953 1122 2015 quae-

69 2047 97 2087 ao
111 2025 201 2086 store
223 2040 282 2084 suo
304 2018 442 2103 pecunia
463 2019 602 2104 publica,
624 2018 782 2083 nudatum
806 2021 839 2082 et
861 2018 1027 2103 proditum
1050 2040 1123 2085 con·

111 2109 224 2191 sulem,
242 2108 406 2172 desertum
425 2107 610 2191 exercitum,
628 2107 775 2172 relictam
795 2107 1006 2192 provinciam,
1024 2108 1123 2173 sortis

109 2195 380 2262 necessitudinem
402 2195 657 2281 religionemque
679 2195 859 2261 violatam?
885 2195 975 2261 cuius
999 2197 1122 2282 legatio

110 2285 247 2350 exitium
272 2282 336 2347 fuit
362 2281 462 2348 Asiae
489 2283 591 2348 totius
619 2287 653 2348 et
678 2283 905 2368 Pamphyliae,
938 2285 1054 2368 quibus
1090 2287 1124 2349 in

7 2447 8 2458 χ
110 2371 287 2458 provinciis
310 2371 432 2436 multas
456 2371 578 2454 domos,
600 2372 758 2456 plurimas
781 2373 892 2455 urbes,
916 2373 1026 2438 omnia
1047 2373 1125 2438 lana

7 2469 8 2472 ’
68 2486 96 2528 aa
110 2461 320 2546 depeculatus
349 2463 412 2542 est,
439 2463 509 2524 tum
536 2482 609 2525 cum
633 2461 682 2539 [in
704 2459 761 2525 On.
784 2460 1005 2543 Dolabellam]
1030 2483 1124 2528 auum

7 2563 8 2578 *
111 2550 217 2615 scelus
239 2546 324 2612 illud
346 2547 521 2632 pristinum
549 2548 718 2612 renovavit
745 2551 778 2612 et
805 2547 1002 2615 instauravit
1030 2571 1124 2635 quae·

108 2637 263 2719 sterium,
291 2657 364 2700 cum
393 2657 479 2717 eum,
507 2636 558 2702 oui
586 2638 619 2700 et
645 2635 775 2721 legatus
803 2640 836 2701 et
863 2659 923 2721 pro
953 2643 1124 2722 quaestore

109 2725 242 2808 fuisset,
274 2727 307 2788 et
334 2723 369 2788 iu
394 2723 551 2788 invidiam
579 2724 645 2788 suis
674 2724 841 2789 maleficiis
869 2725 1003 2790 adduxit
1031 2730 1063 2790 et
1090 2727 1126 2790 in

110 2813 192 2897 ipsis
215 2810 369 2896 periculis
386 2832 453 2876 non
471 2813 578 2877 solum
597 2812 747 2896 deseruit,
766 2812 822 2877 sed
841 2813 940 2877 etiam
960 2834 1125 2899 oppugna-

69 2927 97 2967 ao
110 2901 161 2966 vit
189 2922 227 2965 ac
249 2898 407 2984 prodidit3
434 2899 523 2965 cuius
546 2903 700 2984 praetura
722 2900 847 2965 urbana
871 2900 998 2964 aedium
1022 2916 1177 2965 sacra-12

110 3011 185 3054 rum
207 2987 272 3052 fuit
293 2987 561 3072 publicorumque
584 3010 718 3073 operum
741 2988 952 3073 depeculati0,
976 2988 1073 3052 simul
1092 2989 1127 3052 in

110 3076 182 3141 iure
196 3074 333 3141 dicundo
348 3075 508 3140 bonorum
526 3077 831 3160 possessionumque
849 3080 964 3141 contra
982 3076 1126 3140 omnium

110 3164 264 3229 inst'tuta
292 3163 432 3229 addictio
461 3167 495 3228 et
521 3164 724 3229 condonatio.
773 3162 844 3228 Iam
871 3184 948 3228 vero
981 3165 1126 3229 omnium

111 3252 268 3318 vitiorum
292 3273 424 3316 suorum
446 3252 588 3336 plurima
610 3257 643 3317 et
664 3250 807 3316 maxima
825 3252 999 3316 coustituit
1027 3251 1127 3318 moui-

70 3366 96 3406 as
112 3344 225 3404 menta
247 3344 281 3404 et
302 3338 422 3404 indicia
452 3338 487 3404 in
514 3340 682 3425 provincia
703 3337 826 3422 Sicilia,
855 3361 953 3424 quam
979 3341 1042 3405 iste
1069 3361 1128 3426 per

111 3428 290 3494 triennium
317 3427 366 3492 ita
391 3427 522 3493 vexavit
550 3451 587 3493 ae
620 3426 774 3514 perdidit,
803 3432 841 3492 ut
864 3449 903 3492 ea
932 3429 1063 3494 restitui
1093 3429 1127 3493 in

112 3517 285 3601 antiquum
312 3519 436 3580 statum
463 3517 554 3581 nullo
582 3516 678 3581 modo
708 3516 827 3601 possit,
854 3515 909 3581 vix
938 3521 1047 3582 autem
1070 3541 1130 3594 per
