2564 3876
360 181 436 238 cnr.
455 187 561 238 48-50
579 188 594 250 5
614 189 760 238 ree-145.
1026 182 1066 246 Π

72 345 187 389 eausam
208 323 297 390 laedi
319 329 426 411 putet,
449 349 522 393 cum
545 326 776 414 Chrysogonus
798 327 1014 411 vituperetur,
1038 328 1067 392 is

72 433 187 478 eausam
213 413 363 500 ignorat,
396 415 565 499 seipsum
592 416 693 500 probe
719 415 825 500 novit3
857 437 954 482 causa
981 417 1065 481 enirn

72 501 253 584 splendidior
280 503 352 588 fiet,
379 503 409 569 si
433 503 632 588 nequissimo
661 504 775 589 cuique
798 505 982 588 resistetur,
1010 505 1068 569 illa

71 589 318 672 improbissimus
350 590 555 678 Chrysogoni
585 591 707 677 fautor,
738 593 795 676 qui
822 593 885 658 sibi
908 615 981 658 cum
1008 593 1068 659 illo

41 702 51 740 s
71 677 215 743 rationem
241 681 515 746 communicatam
538 684 643 765 putat,
665 681 819 765 laeditur,
845 703 919 746 cum
941 681 983 748 ab
1006 681 1068 747 hoc

72 765 227 848 splendore
249 790 369 834 causae
393 772 570 854 separatur.

124 853 244 920 Verum
267 857 350 923 haee
372 857 478 922 omnis
502 857 617 941 oratio,
639 860 677 922 ut
699 857 765 922 iem
789 859 864 922 ante
885 856 960 940 dixi,
978 878 1051 922 mea
1070 869 1121 918 143

72 945 120 1026 est,
141 964 203 1028 qua
225 967 280 1009 me
303 945 354 1010 uti
375 967 428 1010 res
450 945 583 1030 publica
605 948 639 1010 et
657 945 751 1010 dolor
768 966 859 1010 meus
878 949 911 1009 et
929 944 1068 1009 istorum

70 1030 174 1096 iniuria
205 1033 330 1118 cotgit3
365 1031 435 1099 Sex.
467 1032 604 1099 Roscius
635 1033 753 1099 horum
785 1031 868 1097 nihil
899 1032 1070 1119 indignum

42 1122 164 1202 reputat,
198 1121 364 1186 neminem
406 1125 550 1206 accusat,
585 1121 668 1186 nihil
701 1121 740 1186 de
776 1141 834 1186 suo
871 1119 1068 1204 patrimonio

72 1207 215 1293 queritur3
247 1212 347 1294 putat
373 1209 472 1275 homo
498 1210 669 1294 imperitus
697 1231 837 1293 morum,
866 1209 1010 1296 agricola
1037 1212 1070 1274 et

70 1295 209 1381 rusticus,
234 1298 305 1362 ista
327 1298 445 1382 omnia,
469 1319 551 1384 quae
572 1319 631 1364 vos
654 1319 712 1382 per
735 1295 860 1363 Sullam
883 1301 977 1384 gesta
1000 1318 1070 1363 esse
1153 1305 1154 1308 ’

72 1384 172 1468 dicitis,
194 1407 298 1470 more,
320 1387 401 1472 lege,
423 1387 492 1451 iure
511 1386 659 1472 gentium
675 1385 776 1470 facta3
799 1388 894 1470 culpa
912 1387 1069 1451 liberatus

72 1475 99 1534 et
123 1473 253 1538 erimine
285 1474 412 1540 nefario
444 1476 571 1540 solutus
603 1474 692 1558 cupit
723 1497 743 1539 a
774 1474 866 1540 vobis
890 1474 1067 1558 discedere,

42 1559 95 1623 usi
119 1559 178 1628 hcc
207 1561 347 1649 indigna
373 1563 554 1647 suspicione
586 1566 708 1645 careat,
741 1563 849 1628 animo
881 1584 983 1648 aequo
1018 1584 1053 1628 se
1073 1574 1123 1622 144

72 1669 166 1715 carere
193 1650 262 1716 suis
292 1651 443 1716 omnibus
472 1651 650 1717 commodis
683 1651 773 1734 dicit,
805 1655 903 1738 rogat
934 1654 1070 1735 oratque

71 1739 107 1820 te,
124 1735 345 1826 Chrysogono,
368 1740 397 1805 si
418 1739 501 1804 nihil
520 1740 559 1810 de
577 1739 682 1824 patris
699 1739 840 1804 fortunis
860 1738 1070 1822 amplissimis

70 1824 210 1891 menam
238 1848 310 1892 rem
338 1828 511 1913 convertit,
542 1827 570 1892 si
596 1828 688 1894 nulla
714 1827 749 1892 in
775 1849 811 1892 re
838 1829 872 1892 te
898 1826 1072 1910 fraudavit,

71 1911 95 1976 si
113 1914 171 1979 tibi
193 1916 322 2000 optima
343 1916 406 1980 fide
429 1937 489 1982 sua
511 1915 621 1982 omnia
642 1914 816 1999 concessit,
839 1913 1072 1998 adnumeravit,

42 2023 61 2062 a
72 2001 221 2088 adpendit,
246 2003 276 2068 si
294 2004 458 2088 vestitum,
481 2025 545 2089 quo
563 2004 634 2087 ipse
651 2007 757 2070 tectus
776 2007 856 2086 erat,
876 2003 1072 2088 anulumque
1142 2003 1143 2006 ’

72 2088 103 2152 de
124 2090 225 2178 digito
252 2113 347 2158 suum
368 2093 432 2158 tibi
453 2092 603 2177 tradidit,
631 2092 659 2158 si
682 2094 721 2157 ex
743 2092 894 2157 omnibus
917 2091 1014 2156 rebus
1037 2111 1072 2156 se

70 2177 166 2260 ipsum
193 2179 320 2246 nudum
347 2202 451 2266 neque
477 2184 647 2266 praeterea
674 2181 846 2266 quicquam
868 2179 1006 2265 excepit,
1034 2183 1073 2245 ut

72 2265 125 2330 sibi
150 2290 207 2352 per
235 2272 271 2334 te
297 2269 395 2334 liceat
420 2269 586 2335 innocenti
612 2269 789 2334 amicorum
813 2268 928 2352 opibus
951 2269 1053 2333 vitam

449 2357 709 2512 ,tulna
736 2360 787 2510 a
800 2356 1054 2530 unsrun
1075 2326 1125 2451 u

73 2552 181 2616 aequus
200 2537 262 2616 est,
281 2536 314 2598 et
332 2534 408 2618 quia
425 2495 555 2600 necesde
574 2537 632 2598 est.
668 2495 742 2598 Me'a
761 2533 874 2599 domus
893 2533 956 2600 tihi
972 2538 1073 2619 patet,

73 2619 143 2684 nihi
169 2623 283 2687 clausa
310 2626 374 2707 est,
400 2622 478 2687 fero.
523 2620 663 2688 Familia
685 2644 758 2687 mea
780 2622 922 2688 maxima
943 2626 981 2689 tu
1003 2625 1072 2687 ute-

73 2707 122 2789 ris,
152 2731 213 2796 ego
248 2731 376 2776 servum
402 2710 507 2776 habeo
539 2711 679 2795 nullum3
710 2710 818 2796 patior
846 2714 880 2776 et
905 2711 1073 2776 ferendum

73 2799 152 2877 puto.
174 2798 262 2874 Quid
271 2797 321 2863 vis
331 2798 494 2884 amplius?
509 2798 585 2883 quid
594 2798 782 2884 insequeris,
793 2799 869 2884 quid
880 2798 1072 2884 oppugnas?

44 2901 131 2966 aqua
154 2885 190 2951 in
216 2908 253 2951 re
279 2889 371 2951 tuam
397 2888 601 2953 voluntatem
630 2887 716 2952 laedi
743 2909 763 2952 a
790 2909 841 2952 me
864 2887 984 2970 putas?
1016 2884 1073 2950 ubi
1145 2917 1147 2930 =

74 2973 131 3038 tuis
152 2973 330 3040 commodis
353 2974 482 3041 officio?
506 2975 583 3060 quid
604 2975 667 3040 tibi
686 2975 804 3042 obsto?
841 2973 876 3040 si
894 2973 1074 3060 spoliorum

75 3079 162 3126 causa
187 3063 239 3129 vis
266 3063 432 3129 hominem
459 3063 616 3148 occidere,
644 3063 807 3147 spoliasti3
840 3061 918 3148 quid
945 3060 1074 3146 quaeris

75 3150 227 3235 amplius?
256 3151 285 3216 si
310 3151 567 3234 inimicitiarum,
595 3173 677 3237 quae
700 3156 776 3218 sunt
798 3151 861 3216 tibi
885 3148 1074 3215 inimicitiae

75 3255 139 3302 cum
166 3261 218 3324 eo,
249 3239 339 3306 cuius
366 3244 442 3306 ante
469 3240 602 3324 praedia
627 3239 814 3324 possedisti,
842 3260 940 3323 quam
966 3239 1074 3321 ipsum

45 3327 1074 3500 '⁶tuttitr{turbantlltttatltznltt

75 3519 133 3568 non
154 3506 271 3588 posse?
295 3506 358 3588 sin,
385 3505 471 3590 quod
494 3505 594 3589 bona,
617 3525 698 3589 quae
721 3503 790 3569 Sec.
813 3502 912 3568 Rosci
934 3502 1074 3585 fuerunt,
