2604 3880
170 159 234 224 164
469 154 509 210 IN
529 153 557 210 O.
577 153 732 210 VERREM
749 152 829 210 AGT.
849 154 888 210 ΙΙ..

167 304 310 389 migrare
337 322 372 366 sa
399 299 520 366 diceret
541 299 634 366 velle.
678 298 808 385 Hospes
831 299 998 386 [Ianitor],
1022 301 1077 386 qui
1099 301 1182 367 nihil

168 391 401 476 suspicaretur,
425 389 558 473 veritus,
580 410 621 453 ne
645 388 722 472 quid
744 387 874 474 inipso
898 409 933 454 se
955 390 1183 475 offenderetur,

167 479 332 546 hominem
355 499 483 544 summa
503 477 538 543 vi
556 479 696 543 retinere
714 476 830 562 coepit.
865 477 943 556 Iste,
965 480 1022 564 qui
1039 478 1181 564 hospitis

167 567 370 652 relinquendi
383 587 515 632 cansam
528 566 669 650 reperire
682 586 749 632 non
763 569 885 651 posset,
898 565 964 632 alie
978 567 1041 633 sibi
1054 568 1181 632 ratione

168 658 255 723 viam
283 655 408 720 munire
440 655 482 721 ad
514 658 664 740 stuprum
695 655 816 739 coepit3
843 653 1016 740 Rubrium,
1049 655 1212 721 delicies-¹»

169 767 253 830 suas,
276 744 312 810 in
333 743 484 810 omnibus
508 743 576 808 eius
599 742 688 809 modi
709 743 806 808 rebus
829 743 1011 809 adiutorem
1034 749 1182 810 suomet

168 833 342 918 conscium,
359 855 477 918 parum
495 832 583 898 laute
603 831 766 898 deversari
782 831 874 916 dicit3
893 832 934 896 ad
951 832 1181 898 Philodamum

114 921 283 989 accedun
317 922 417 986 iubet.
468 920 559 997 Quod
593 920 649 984 ubi
679 922 730 985 est
759 919 954 987 Philodamo
984 922 1181 1006 nuntiatum,

167 1011 301 1078 tametsi
350 1014 421 1075 erat
467 1009 614 1094 ignarus,
660 1011 818 1092 quantum
867 1008 932 1074 sibi
980 1031 1019 1076 ac
1068 1010 1181 1074 liberis

168 1101 235 1164 suis
261 1099 329 1164 iam
356 1102 427 1163 tum
456 1097 536 1162 mali
567 1098 834 1182 constitueretur,
864 1100 976 1162 tamen
1008 1098 1049 1164 ad
1080 1098 1181 1164 istum
1199 1121 1226 1161 ro

168 1189 272 1272 venit,
301 1186 444 1252 ostendit
467 1206 584 1250 munus
606 1185 689 1250 illud
712 1207 806 1251 suum
828 1206 895 1251 non
917 1207 1001 1270 esse3
1032 1208 1080 1270 se,
1106 1209 1182 1253 cum

169 1298 247 1343 suae
268 1278 379 1361 partes
400 1278 510 1340 essent
526 1274 694 1358 hospitum
712 1275 978 1359 recipiendorum,
1000 1277 1072 1340 tum
1088 1275 1180 1360 ipsos

169 1370 279 1430 tamen
296 1366 464 1448 praetores
482 1366 516 1427 et
534 1362 691 1448 consules,
713 1383 780 1429 non
798 1363 983 1450 legatorum
1002 1364 1180 1449 adseculas,

168 1453 311 1537 recipere
338 1452 451 1517 solere.
501 1449 581 1534 Iste,
614 1450 670 1535 qui
697 1473 762 1516 una
793 1452 971 1537 cupiditate
1001 1456 1185 1537 raperetur,

168 1544 275 1606 totum
297 1539 387 1605 illius
409 1540 613 1625 postulatum
636 1561 831 1623 causamque
853 1540 1013 1626 neglexit3
1035 1562 1094 1626 per
1112 1542 1180 1606 vim
1198 1563 1224 1604 rs

169 1629 210 1696 ad
237 1651 326 1713 eum,
356 1629 413 1713 qui
439 1628 581 1712 recipere
607 1649 674 1693 non
701 1627 853 1713 debebat,
879 1629 1039 1694 Rubrium
1067 1630 1181 1696 deduci

115 1719 158 1786 26
168 1717 350 1804 imperavit.
382 1717 445 1782 Hic
462 1716 682 1801 Philodamus,
705 1720 920 1802 posteaquam
933 1717 984 1783 ius
1004 1739 1098 1783 suum
1122 1719 1180 1783 ob-

167 1807 271 1872 tinere
292 1827 360 1872 non
381 1805 502 1892 potuit,
531 1807 569 1870 ut
592 1805 828 1871 humanitatem
852 1807 1180 1892 consuetudinemque

167 1917 260 1960 suam
282 1895 450 1979 retineret,
472 1894 654 1960 laborabat.
699 1893 816 1978 Homo,
840 1895 896 1978 qui
919 1915 1046 1980 semper
1068 1895 1180 1981 hospi-

166 1984 347 2050 talissimus
366 1983 645 2066 amicissimusque
666 1986 854 2048 nostrorum
877 1983 1045 2049 hominum
1071 1984 1179 2050 existi·
1195 2005 1223 2045 so
1295 2017 1301 2032 ‹

167 2075 404 2154 maturasset,
430 2071 538 2136 noluit
564 2070 667 2136 videri
693 2071 801 2156 ipsum
827 2072 923 2137 illum
946 2071 1105 2138 Rubrium
1132 2072 1180 2138 in·

166 2161 254 2226 vitus
277 2160 410 2225 domum
433 2180 524 2224 suam
547 2159 720 2243 recepisse3
743 2160 915 2244 magnifice
939 2163 972 2225 et
995 2163 1119 2245 ornate,
1141 2165 1180 2226 ut

166 2252 238 2313 erat
257 2247 292 2312 in
309 2247 424 2332 primis
442 2246 528 2311 inter
546 2267 622 2312 suos
641 2248 800 2332 copiosus,
823 2248 1006 2314 convivium
1025 2253 1179 2335 apparat3

165 2338 262 2421 rogat
288 2335 461 2419 Rubrium,
487 2337 537 2418 ut,
566 2357 647 2420 quos
674 2336 705 2401 ei
731 2336 936 2403 commodum
964 2338 1020 2422 sit,
1052 2337 1178 2421 invitet,

165 2424 273 2490 locum
301 2422 364 2489 sibi
390 2423 467 2508 soli,
494 2423 523 2488 si
549 2424 709 2508 videatur,
737 2426 913 2510 relinquat3
946 2425 1045 2491 etiam
1072 2427 1177 2491 filium
1192 2444 1221 2487 ss

165 2534 268 2596 suum,
291 2512 505 2578 lectissimum
524 2513 770 2598 adulescentem,
792 2514 881 2579 foras
901 2514 941 2580 ad
959 2515 1179 2600 propinquum

112 2618 147 2672 66
167 2622 260 2666 suum
275 2601 435 2685 quendam
450 2601 554 2666 mittit
567 2601 607 2666 ad
622 2623 743 2667 cenam.
775 2602 917 2668 Rubrius
931 2602 1027 2668 istius
1042 2603 1178 2670 comites

164 2690 297 2774 invitat3
325 2711 380 2755 eos
408 2711 520 2756 omnes
547 2689 666 2754 Verres
694 2689 848 2756 certiores
874 2691 968 2776 facit,
995 2690 1073 2776 quid
1096 2713 1177 2777 opus

165 2783 260 2845 esset.
305 2777 433 2844 Mature
456 2777 598 2862 veniunt,
621 2777 842 2844 discumbitur.
885 2778 940 2845 Fit
962 2801 1068 2846 sermo
1091 2780 1178 2846 inter

166 2889 221 2934 eos
245 2871 278 2934 et
303 2867 469 2952 invitatio,
497 2870 534 2932 ut
557 2866 679 2933 Graeco
707 2889 797 2933 more
820 2868 999 2955 biberetur3
1025 2868 1178 2934 hortatur
1192 2886 1219 2927 so

166 2955 297 3041 hospes,
318 2959 457 3041 poscunt
480 2955 657 3021 maioribus
675 2955 809 3041 poculis,
832 2957 1015 3023 celebratur
1032 2959 1177 3023 omnium

166 3065 314 3110 sermono
328 3045 519 3128 laet'tiaque
534 3044 725 3110 convivium.
753 3045 970 3130 Posteaquam
981 3045 1062 3112 satis
1071 3047 1177 3112 calere

166 3154 218 3198 res
231 3132 355 3198 Rubrio
364 3133 436 3199 uisa
448 3136 510 3197 est:
526 3132 708 3217 ‘Quaeso',
722 3133 838 3218 inquit,
853 3133 1099 3218 Philodamo,
1113 3157 1178 3201 cur

167 3221 213 3285 ad
242 3242 312 3287 nos
340 3221 469 3287 filiam
498 3225 604 3287 tuam
632 3243 707 3286 non
736 3221 841 3288 intro
871 3222 1003 3288 vocari
1031 3222 1177 3289 iubes?

165 3307 289 3391 Homo,
317 3308 372 3393 qui
400 3313 433 3374 et
460 3331 588 3375 summa
614 3310 778 3396 gravitate
800 3314 835 3375 et
856 3310 922 3376 iam
944 3310 978 3376 id
1002 3312 1121 3377 aetatis
1144 3315 1178 3377 et
1191 3327 1218 3371 ⁸⁵

165 3416 284 3476 parens
304 3401 403 3480 esset,
424 3397 585 3482 obstipuit
601 3398 743 3462 hominis
761 3399 904 3485 improbi
922 3400 1018 3466 dicto.
1049 3399 1177 3466 Instare

166 3481 318 3546 Rubrius.
342 3482 424 3549 Tum
434 3484 500 3569 ille,
513 3489 551 3550 ut
561 3485 684 3570 aliquid
695 3488 914 3573 responderet,
928 3487 1063 3576 negavit
1076 3489 1177 3555 moris
