2564 3876
184 171 227 237 52
351 169 422 225 PRO
442 168 518 226 SEX.
538 168 667 224 nosclo
686 165 857 222 AMERINO
877 167 1024 223 ORATIO.

183 316 247 382 nisi
261 316 366 380 multe
379 317 413 379 et
428 313 602 378 manifesta
620 317 705 397 sunt,
723 312 869 398 profecto
887 334 940 377 res
958 316 1028 377 tom
1047 313 1200 396 sceleste,

3 423 4 454 l
131 417 165 468 es
183 408 253 468 tem
276 407 383 486 atrox,
405 406 475 467 tam
497 401 622 466 nefaria
644 401 731 467 credi
752 423 819 466 non
840 405 958 486 potest
999 400 1122 487 Magna
1146 405 1200 466 est

184 493 271 558 enim
297 490 346 556 vis
373 490 601 574 humanitatis
628 491 768 554 multum
795 490 886 555 velet
912 490 1096 556 communio
1123 511 1200 554 ssu-

184 577 1227 752 csortintllnrrtrnsssnrr:c

185 719 327 841 sliqdem
345 756 488 822 humana
506 755 611 840 specie
630 760 664 820 et
681 756 796 841 figure,
820 755 876 839 qui
896 758 1026 819 tentum
1048 755 1201 820 immani·

184 849 254 910 tete
281 845 404 910 bestias
430 843 558 928 vicerit,
584 848 635 929 ut,
662 846 797 928 propter
824 864 906 927 quos
933 842 1018 908 hanc
1044 843 1200 908 suavissi-

184 955 272 1000 mam
295 933 401 998 lucem
424 931 599 1017 aspexerit,
626 953 682 997 cos
704 931 930 1017 indignissime
952 931 1024 996 luce
1047 931 1200 1017 privarit,

184 1044 258 1089 cum
286 1022 385 1086 etiem
411 1020 498 1090 feres
525 1020 611 1084 inter
637 1041 707 1085 sese
729 1024 845 1104 pertus
869 1023 967 1104 etque
990 1019 1139 1085 educatio
1165 1024 1200 1086 et

184 1115 304 1176 nature
326 1111 399 1194 ipse
421 1108 580 1174 conciliet.
1215 1129 1241 1169 ιο

132 1168 175 1295 {43
252 1197 329 1265 Non
346 1198 394 1262 ite
417 1197 529 1262 multis
553 1199 629 1261 unte
652 1197 746 1261 annis
768 1196 860 1261 siunt
878 1195 914 1262 Τ.
928 1194 1075 1261 Caelium
1098 1218 1199 1281 quen-

186 1287 274 1370 dam,
306 1285 583 1363 Tarracinensem,
613 1284 779 1350 hominem
809 1305 877 1350 non
903 1285 1091 1369 obscurum,
1122 1307 1199 1351 cum

185 1378 318 1441 cenatus
336 1373 482 1438 cubitum
504 1373 539 1437 in
560 1373 647 1438 idem
669 1373 821 1439 conclave
843 1395 917 1438 cum
939 1373 1064 1439 duobus
1088 1373 1199 1439 cdule

186 1462 350 1529 scentibus
377 1460 455 1526 filiis
478 1461 570 1544 isset,
597 1461 767 1526 inventum
790 1482 861 1526 esse
883 1483 978 1526 mene
1000 1461 1198 1548 iugulatum.

185 1550 268 1617 (lum
294 1571 398 1633 neque
426 1571 537 1614 servus
562 1549 733 1634 quisquam
755 1548 952 1633 reperiretur
973 1571 1079 1633 neque
1102 1550 1198 1635 liber,
1212 1569 1237 1610 rs
1279 1629 1280 1638 ἵ

185 1639 227 1705 ed
247 1660 344 1724 quem
366 1659 405 1703 ee
427 1637 568 1722 suspicio
591 1637 778 1724 pertineret,
800 1636 834 1702 id
857 1638 975 1702 aetatis
999 1641 1110 1703 cutem
1132 1639 1198 1704 duo

183 1727 246 1794 filii
269 1731 404 1812 propter
426 1727 581 1791 cubantes
604 1747 645 1790 ne
669 1726 809 1790 sensisse
832 1724 962 1810 quidem
985 1746 1020 1790 se
1043 1726 1199 1812 dicerent,
1279 1729 1280 1812 l

184 1816 318 1882 nomina
341 1814 485 1880 filiorum
513 1815 552 1879 de
578 1814 751 1898 parricidio
776 1814 885 1880 delete
907 1817 992 1879 sunt.
1017 1813 1103 1890 Quid
1124 1816 1198 1895 pot
1279 1815 1280 1838 ³

182 1909 254 1970 eret
283 1907 352 1968 tem
363 1925 435 1968 esse
447 1902 683 1987 suspiciosum?
696 1905 890 1968 neutrumne
903 1903 1066 1969 sensisse?
1081 1925 1198 1969 susum

186 1997 295 2058 sutem
323 2012 393 2057 esse
420 2012 617 2075 quemquam
645 2013 678 2056 se
703 1990 738 2056 in
760 1991 794 2056 id
816 1991 968 2057 conclave
990 1992 1197 2058 committere
1210 2013 1237 2053 eo

185 2101 224 2145 eo
247 2079 454 2164 potissimum
476 2082 637 2163 tempore,
662 2101 735 2143 cum
758 2079 878 2145 ibidem
902 2083 1010 2145 essent
1033 2079 1097 2146 duo
1121 2081 1197 2146 edu·

185 2167 344 2232 lescentes
357 2165 426 2245 filii,
445 2165 501 2250 qui
516 2169 549 2230 et
563 2166 682 2231 sentire
697 2171 730 2232 et
744 2166 913 2233 defendere
926 2167 1022 2233 fecile
1037 2169 1196 2253 possent?

184 2254 268 2320 Erat
299 2275 397 2338 porro
428 2275 538 2333 nemo,
569 2254 604 2319 in
636 2277 732 2339 quem
764 2277 803 2320 ee
832 2256 972 2340 suspicio
1000 2258 1197 2324 conveniret.

133 2353 167 2404 oc
186 2341 322 2424 Temen,
354 2363 427 2406 cum
458 2341 592 2427 plenum
622 2343 782 2409 iudicibus
815 2349 901 2409 esset
927 2344 1052 2409 fectum
1080 2351 1196 2432 aperto
1278 2353 1279 2362 ’

185 2430 271 2496 ostio
304 2429 500 2495 dormientes
530 2452 586 2497 eos
613 2435 760 2516 repertos
788 2453 872 2516 esse,
903 2432 1022 2498 iudicio
1049 2434 1236 2500 absolutis

185 2517 407 2584 adulescentes
431 2521 465 2582 et
488 2519 670 2605 suspicione
693 2520 782 2584 omni
803 2520 937 2586 liberati
963 2525 1048 2586 sunt.
1090 2522 1196 2589 Nemo

185 2606 271 2672 enim
289 2607 429 2690 putebat
449 2629 645 2691 quemquam
667 2628 746 2691 esse,
769 2608 834 2692 qui,
857 2631 930 2674 cum
953 2609 1063 2674 omniu
1086 2610 1197 2676 divine

185 2698 283 2778 utque
301 2693 444 2760 humans
462 2695 533 2760 iure
552 2697 672 2761 scelere
689 2695 815 2762 nefario
838 2697 1021 2782 polluisset,
1044 2719 1197 2764 somnum

185 2783 299 2848 stetim
326 2804 441 2867 cepere
463 2783 637 2868 potuisset,
664 2787 838 2868 propterea
860 2785 958 2869 quod,
985 2785 1043 2870 qui
1064 2790 1197 2853 tuntum

183 2870 310 2937 focinus
337 2871 583 2956 commiserim,
609 2893 676 2937 non
702 2871 798 2938 modo
827 2873 896 2938 sine
921 2896 998 2939 curs
1020 2874 1197 2961 quiescere,
1210 2895 1235 2934 ω

185 2960 243 3025 sed
265 2981 306 3024 ne
329 2959 454 3044 spirare
477 2960 606 3044 quidem
629 2960 699 3024 sine
722 2965 811 3026 metu
833 2965 980 3047 possunt.

131 3014 176 3142 ἓξ
250 3045 432 3131 Videtisne,
469 3069 550 3131 quos
581 3047 677 3112 nobis
708 3052 824 3133 politae
855 3050 1059 3117 tradiderunt
1090 3055 1198 3138 petris

184 3134 360 3200 ulciscendi
382 3157 480 3201 cause
502 3135 697 3220 supplicium
720 3137 759 3202 de
782 3141 887 3203 matre
911 3139 1099 3225 sumpsisse,
1124 3164 1199 3207 cum

183 3222 378 3308 praesertim
399 3222 531 3289 deorum
553 3224 789 3290 immortalium
812 3226 908 3291 iussis
932 3232 1031 3311 atque
1054 3230 1199 3296 oraculis
1277 3291 1278 3296 ,

183 3308 218 3374 id
243 3309 358 3376 fecisse
386 3309 547 3395 dicentur,
574 3315 688 3378 tamen
713 3317 751 3378 ut
773 3335 829 3380 eos
853 3315 980 3400 agitent
1001 3315 1121 3382 Furiae
1145 3341 1200 3384 ne
1214 3337 1236 3377 s
1277 3323 1278 3386 3

184 3416 247 3479 que
265 3397 441 3463 consistere
459 3421 615 3483 umquam
632 3401 809 3486 patiuntur,
832 3403 918 3485 quod
935 3425 977 3468 ne
994 3403 1043 3489 pii
1065 3406 1200 3489 quidem
1277 3451 1278 3484 l

184 3480 253 3545 sine
272 3484 390 3548 scelere
409 3506 479 3550 esse
497 3488 696 3571 potuerunt?
728 3486 780 3553 Sic
800 3511 834 3554 se
853 3511 904 3555 res
927 3490 1037 3575 habet,
1060 3491 1200 3560 iudices:
1277 3495 1278 3525 l
