2604 3880
428 212 506 269 GAP.
521 217 591 268 4-e
609 219 624 280 e
644 220 756 268 13-21.
1036 215 1101 280 105

71 360 165 426 tetis
203 357 290 444 epud
319 379 378 424 vos
408 358 444 423 in
475 379 534 424 suo
565 358 635 422 iure
666 357 845 443 repetundo
878 357 956 424 socii
987 360 1101 444 populi

72 448 242 532 Romani,
275 447 437 532 supplices
469 445 583 530 vestri,
614 446 735 511 habere
763 446 910 512 debeant.
955 445 1005 512 De
1037 469 1101 532 quo

72 537 163 622 quid
189 557 251 619 ego
274 535 370 618 plura
392 535 663 601 commemorem?
688 534 780 619 quusi
800 556 877 601 vero
895 534 1030 600 dubium
1048 536 1103 620 sit,

73 626 165 711 quin
194 627 268 689 tote
297 623 350 688 lex
377 622 416 688 de
442 622 587 708 pecuniis
609 622 798 707 repetundis
820 623 982 689 sociorum
1005 645 1102 690 cause

47 742 59 780 s
73 713 271 780 constitute
285 711 338 794 sit.
371 709 457 776 Nam
471 711 595 776 civibus
609 733 682 776 cum
696 714 773 776 sunt
791 715 921 795 ereptae
939 712 1102 797 pecuniae,
1123 729 1155 778 le

73 800 178 869 civili
210 799 279 865 fere
312 799 438 864 actione
468 802 501 864 et
530 799 658 884 privato
689 799 760 864 iure
787 802 992 884 repetuntur;
1023 799 1103 866 haec

73 892 135 956 lex
157 887 292 954 socialis
311 891 370 971 est,
392 887 455 953 hoe
472 888 524 952 ius
541 887 713 952 nationum
731 892 915 952 exterorum
938 892 997 973 est,
1019 889 1103 954 hone

73 978 214 1044 habent
238 997 345 1041 arcem
369 975 475 1040 minus
500 975 668 1060 eliquanto
691 997 775 1041 nunc
797 975 925 1060 quidem
944 977 1103 1041 munitam

76 1088 189 1152 quam
218 1068 330 1148 antee,
357 1086 469 1130 verum
497 1068 622 1147 temen,
650 1064 679 1129 si
706 1086 771 1148 que
798 1063 924 1148 relique
947 1085 1021 1150 spes
1045 1068 1103 1150 est,

36 1184 61 1224 ιο
77 1176 172 1241 quae
197 1153 360 1218 sociorum
384 1153 510 1218 enimes
533 1151 695 1218 consolari
717 1152 832 1237 possit,
855 1173 893 1218 ea
911 1156 983 1218 tots
995 1153 1030 1217 in
1043 1153 1104 1218 hac

76 1246 161 1329 lege
193 1240 304 1326 posite
332 1244 397 1324 est;
423 1241 513 1306 cuius
541 1240 624 1325 legis
647 1262 713 1307 non
735 1240 831 1305 modo
855 1263 875 1305 e
897 1241 1019 1326 populo
1041 1241 1104 1306 Ro·

77 1353 203 1414 mano,
229 1328 286 1395 sed
314 1328 414 1395 etiem
443 1330 485 1395 ab
515 1329 640 1394 ultimis
670 1329 857 1394 nationibus
890 1329 1103 1415 iampridem

78 1418 196 1486 severi
219 1416 369 1483 custodes
391 1417 608 1501 requiruntur.
649 1415 728 1493 Quis
751 1438 830 1503 orgo
851 1421 911 1501 est,
934 1419 989 1503 qui
1006 1423 1104 1504 neget
1125 1436 1157 1484 19
1260 1443 1265 1452 ·

79 1509 243 1593 oportere
266 1527 379 1572 eorum
402 1506 565 1571 arbitratu
588 1506 662 1592 lege
685 1505 749 1591 egi,
771 1527 909 1589 quorum
932 1528 1030 1572 ceusu
1053 1508 1105 1572 lex

35 1625 64 1665 ιε
80 1597 132 1663 sit
162 1594 364 1661 constituta?
417 1591 527 1660 Sicilie
553 1597 626 1660 tota
653 1594 682 1659 si
709 1615 774 1658 une
801 1615 879 1659 voce
908 1595 1105 1679 loqueretur,

80 1687 153 1751 hoc
177 1683 313 1747 diceret:
337 1680 441 1758 ‘Quod
464 1683 544 1768 euri,
567 1683 652 1767 quod
674 1681 811 1767 argenti,
834 1683 920 1766 quod
939 1704 1106 1748 ornamen-

81 1779 203 1840 torum
225 1771 261 1834 in
287 1770 368 1836 meis
395 1771 544 1855 urbibus,
575 1771 718 1853 sedibus,
746 1770 889 1835 delubris
915 1769 992 1853 luit,
1020 1771 1107 1854 quod

81 1863 122 1928 in
147 1880 216 1924 una
238 1880 365 1942 queque
388 1881 423 1922 re
446 1857 602 1925 beneficio
621 1863 753 1924 senatus
772 1858 948 1943 populique
966 1858 1106 1923 Romani

81 1946 301 2030 micharii,
322 1946 356 2011 id
374 1947 456 2012 mihi
473 1951 519 2030 tu,
542 1946 575 2014 Ο.
593 1946 723 2031 Verres,
745 1946 893 2032 eripuisti
914 1949 1012 2030 atque
1035 1947 1107 2012 ebs·

38 2066 67 2104 20
83 2035 215 2119 tulisti3
237 2056 302 2119 quo
324 2035 455 2100 nomine
478 2036 537 2100 ebs
559 2040 593 2100 te
619 2034 806 2100 sestertium
830 2035 958 2100 miliens
977 2035 1107 2121 exlege

84 2121 227 2210 repeto?
273 2119 308 2188 Si
331 2123 495 2208 universa,
516 2127 554 2188 ut
577 2122 656 2207 dixi,
683 2123 851 2207 provincis
873 2122 964 2206 loqui
986 2127 1106 2206 posset,

85 2215 154 2279 hae
181 2232 261 2278 voce
288 2214 448 2295 uteretur3
481 2212 633 2296 quoniam
659 2211 694 2275 id
719 2232 786 2275 non
814 2214 958 2296 poteret,
989 2211 1106 2277 herum

86 2322 203 2367 rerum
224 2301 376 2377 actorem,
399 2321 496 2384 quem
513 2300 664 2366 idoneum
683 2321 754 2364 esse
773 2298 934 2363 arbitrata
952 2302 1011 2381 est,
1034 2299 1107 2384 ipsa

86 2388 225 2474 delegit.
274 2386 314 2452 In
345 2387 414 2453 eius
447 2387 534 2452 modi
565 2410 601 2453 re
633 2388 805 2472 quisquam
835 2390 904 2452 tam
936 2387 1105 2472 impudens
1125 2404 1159 2454 20
1277 2401 1278 2448 l

42 2505 71 2546 ee
87 2477 283 2562 reperietur,
306 2475 361 2560 qui
384 2475 425 2540 sd
448 2476 588 2542 alienum
611 2497 742 2542 causam
765 2475 877 2541 invitis
894 2475 945 2558 iis,
968 2497 1106 2560 quorum

86 2563 263 2651 negotium
285 2567 345 2647 est,
367 2563 517 2629 accedere
540 2567 598 2630 eut
620 2563 787 2648 adspirare
810 2563 948 2629 audeat?
976 2561 1011 2628 si
1033 2564 1104 2649 tibi,
1125 2566 1145 2632 6

89 2654 127 2729 Q.
162 2650 297 2735 Caecili,
327 2650 391 2717 hoc
422 2649 522 2717 Siculi
558 2653 714 2718 dicerent:
751 2650 810 2716 ‘Te
845 2672 912 2717 non
945 2652 1105 2735 novimus,

88 2740 270 2823 nescimus,
297 2739 353 2823 qui
383 2740 441 2823 sis,
468 2762 645 2825 numquam
675 2744 708 2804 te
737 2743 834 2805 antee
856 2740 1007 2823 vidimus3
1037 2740 1106 2804 sine

89 2849 152 2895 nos
180 2849 240 2913 per
268 2848 341 2893 eum
367 2833 498 2892 nostres
524 2829 673 2894 fortunas
704 2828 886 2912 defendere,
914 2828 1003 2893 cuius
1027 2828 1105 2891 fides

45 2945 75 2986 so
90 2920 145 2982 est
166 2915 263 2980 nobis
282 2915 435 3002 cognite',
456 2937 564 2981 nonne
581 2917 616 2982 id
634 2917 785 2999 dicerent,
810 2916 897 3000 quod
914 2915 1016 2980 cuivis
1034 2936 1106 2998 pro-

88 3007 172 3072 bare
196 3002 373 3070 deberent?
409 3003 504 3070 Nunc
526 3005 589 3070 hoc
609 3005 729 3089 dicunt,
751 3009 925 3088 utrumque
944 3023 978 3068 se
997 3024 1107 3086 nosse3

89 3095 235 3160 alterum
250 3113 285 3156 se
299 3113 416 3177 cupere
435 3091 636 3159 defensorem
655 3115 726 3158 esse
743 3093 948 3158 fortunarum
967 3112 1107 3173 suerum,

88 3182 237 3248 alterum
250 3179 348 3265 plene
361 3180 459 3245 nolle.
496 3179 561 3246 Gur
578 3181 695 3266 nolint,
719 3181 848 3246 etiamsi
866 3182 1003 3262 taceant,
1026 3179 1107 3242 setis
1126 3197 1158 3246 21

88 3271 220 3352 dicunt3
252 3289 364 3334 verum
395 3290 461 3333 non
488 3272 610 3354 tecent3
641 3273 753 3334 tamen
778 3268 820 3334 iis
847 3266 1051 3333 invitissimis
1074 3270 1108 3330 te

47 3386 73 3426 se
88 3357 235 3425 offeres?
263 3359 375 3421 tomen
401 3357 436 3421 in
463 3357 568 3422 aliene
596 3354 694 3423 cause
725 3357 878 3440 loquere?
910 3359 1021 3419 tamen
1052 3377 1108 3420 eos

87 3445 257 3529 defendes,
280 3444 337 3528 qui
354 3465 390 3510 se
408 3444 449 3510 ab
469 3446 620 3511 omnibus
639 3447 783 3510 desertos
801 3444 910 3529 potius
929 3464 1027 3528 quem
1050 3443 1109 3508 obs

87 3539 123 3602 te
159 3532 312 3598 defensos
345 3553 415 3598 esse
446 3535 596 3599 malunt?
632 3539 744 3598 temen
773 3532 815 3597 iis
848 3554 980 3617 operam
1017 3537 1108 3597 tuam
