2524 3876
392 164 467 220 cnr.
484 171 525 234 ιι,
546 170 578 220 rs
597 170 613 231 s
631 170 745 220 rs—so.
1030 169 1071 234 15

126 305 228 393 Quid,
255 307 284 373 si
307 307 493 374 debuisset?
525 308 720 375 continuone
743 331 840 375 cause
862 309 991 395 fuisset,
1014 332 1071 376 cur
1089 333 1123 383 ιε

60 419 80 459 a
92 399 247 482 praetore
261 397 455 481 postulares,
472 401 509 462 ut
523 398 610 462 bona
627 397 831 483 possideres?
863 397 940 464 Non
955 398 1071 484 opinor

59 483 92 548 id
123 484 256 567 quidem
283 505 388 569 neque
416 485 468 550 ius
498 507 568 550 esse
598 508 703 570 neque
733 487 883 570 cuiquam
912 486 1070 571 expedire.

59 570 145 648 Qud
177 572 282 658 igitur
309 572 532 638 demonstrat?
576 572 807 640 Vadimonium
835 575 898 640 sibi
925 575 973 640 ait
1000 597 1070 640 esse

32 659 236 725 sdesertum.
267 660 454 745 Antequam
474 661 571 726 doceo
593 661 627 726 id
649 661 774 728 factum
795 684 862 729 non
885 685 964 748 esse,
987 663 1069 729 libet
1082 663 1122 726 15

61 747 156 832 mihi,
185 746 219 813 O.
238 747 364 833 Aquili,
392 771 431 814 ex
458 748 557 814 officii
584 748 710 815 ratione
738 754 836 834 atque
864 772 902 816 ex
925 752 1070 816 omnium

61 835 293 901 consuetudine
319 859 388 902 rem
415 837 522 921 ipsam
550 841 583 900 et
606 836 731 903 factum
756 837 854 902 simul
878 836 947 904 Sex.
966 838 1070 905 Naevi

59 923 274 990 considerare.
315 923 368 988 Ad
390 924 611 990 vadimonium
633 946 699 991 non
721 931 869 1008 venerat,
891 930 928 991 ut
952 927 1010 1009 ais,
1032 927 1070 1012 is,

59 1012 192 1097 quicum
215 1012 278 1076 tibi
301 1011 459 1096 affinitas,
484 1013 636 1097 societas,
660 1035 771 1079 omnes
795 1013 932 1098 denique
955 1037 1070 1080 causae

20 1119 45 1158 ιο
59 1103 94 1164 et
106 1099 362 1166 necessitudines
373 1105 499 1167 veteres
513 1101 763 1167 intercedebant.
791 1101 912 1168 Ilicone
927 1102 967 1167 sd
981 1125 1070 1187 prae-

58 1192 168 1254 torem
189 1187 238 1253 ire
260 1189 433 1254 convenit?
457 1189 652 1254 continuone
675 1211 787 1254 verum
807 1189 872 1254 fuit
893 1192 1070 1275 postulare,

58 1281 97 1342 ut
116 1299 156 1342 ex
176 1277 280 1342 edicto
303 1277 390 1342 bona
412 1277 578 1362 possidere
601 1277 736 1343 liceret?
760 1278 903 1343 adhaec
926 1283 1070 1343 extrema

59 1369 93 1429 et
120 1365 347 1430 inimicissima
374 1365 445 1430 iura
472 1368 543 1430 tam
570 1365 683 1450 cupide
712 1365 917 1450 decurrebas,
944 1369 981 1431 ut
1009 1367 1070 1432 tibi

58 1453 145 1518 nihil
163 1453 198 1518 in
211 1457 388 1538 posterum,
411 1453 497 1538 quod
511 1453 642 1540 gravius
662 1456 759 1537 atque
782 1454 942 1520 crudelius
964 1455 1070 1520 lacere

20 1559 45 1598 1⁵
59 1563 185 1626 posses,
207 1542 411 1607 reservares?
451 1540 539 1606 Nam
558 1541 634 1625 quid
654 1541 780 1606 homini
801 1545 912 1627 potest
934 1543 1070 1628 turpius,
1089 1557 1122 1607 49

60 1629 140 1715 qnid
172 1629 243 1695 viro
275 1630 423 1694 miserius
456 1633 514 1694 aut
546 1629 691 1695 acerbius
723 1651 785 1695 usu
817 1631 948 1696 venire?
985 1632 1071 1716 quod

58 1722 193 1783 tantum
210 1718 339 1796 evenire
358 1718 502 1802 dedecus,
522 1738 604 1801 quae
622 1721 717 1783 tanta
739 1718 910 1784 calamitas
932 1718 1071 1785 inveniri

57 1809 194 1891 potest?
233 1805 408 1872 Pecuniam
436 1806 465 1870 si
491 1805 631 1890 cuipiam
658 1806 791 1871 fortuna
818 1807 939 1871 ademit
962 1810 1019 1872 aut
1041 1806 1070 1870 si

59 1894 200 1960 alicuius
227 1894 347 1980 eripuit
373 1893 504 1977 iniuria,
536 1897 661 1977 tamen,
691 1894 768 1959 dum
795 1894 993 1959 existimatio
1021 1899 1072 1959 est

16 2002 45 2040 so
59 1982 202 2069 integra,
223 1982 319 2048 facile
338 1982 526 2048 consolatur
542 1981 697 2048 honestas
716 1985 905 2068 egestatem.
938 1982 983 2048 At
1005 2004 1072 2048 non

56 2093 158 2136 nemo
177 2074 234 2136 aut
251 2070 433 2156 ignominia
456 2070 590 2135 affectus
614 2073 671 2135 aut
693 2069 811 2136 iudicio
834 2070 924 2154 turpi
946 2070 1070 2137 convic-

56 2165 114 2224 tus
144 2159 240 2224 bonis
262 2158 393 2243 quidem
416 2157 482 2223 suis
505 2159 623 2237 utitur,
650 2158 785 2224 alterius
810 2180 901 2243 opes,
929 2158 963 2223 id
986 2159 1071 2243 quod

57 2247 281 2312 miserrimum
300 2249 359 2331 est,
380 2267 448 2311 non
465 2249 640 2331 exspectat,
662 2246 724 2312 hoc
742 2251 853 2311 tamen
874 2247 910 2312 in
931 2247 1070 2312 miseriis

58 2336 250 2402 adiumento
270 2339 303 2400 et
321 2334 442 2400 solacio
461 2335 658 2400 sublevatur.
699 2333 798 2400 Cuius
817 2356 893 2400 vero
913 2335 1000 2400 bona
1019 2358 1071 2401 re·

17 2425 208 2507 emerunt,
235 2423 325 2489 cuius
352 2444 420 2488 non
445 2422 541 2488 modo
568 2423 645 2487 illae
669 2422 889 2508 amplissimae
911 2422 1071 2508 fortunae,

58 2512 236 2578 sedetiam
248 2511 352 2577 victus
367 2511 569 2594 vestitusque
582 2511 783 2576 necessarius
800 2511 860 2575 sub
878 2532 1070 2595 praeconem

58 2623 136 2667 cum
161 2600 316 2667 dedecore
339 2598 502 2664 subiectus
525 2603 588 2683 est,
615 2599 643 2662 is
666 2620 733 2664 non
756 2598 851 2663 modo
875 2621 915 2663 ex
935 2621 1070 2664 numero

58 2691 213 2755 vivorum
241 2688 446 2771 exturbatur,
472 2687 542 2770 sed,
569 2687 598 2752 si
619 2686 692 2752 fieri
712 2690 837 2771 potest,
863 2686 950 2752 infra
972 2687 1071 2752 etism

58 2780 211 2843 mortuos
249 2775 450 2841 amandetur.
502 2774 636 2840 Etenim
674 2796 761 2839 mors
800 2775 939 2840 honesta
976 2797 1071 2858 saepe

16 2883 46 2923 ω
59 2867 166 2932 vitam
181 2885 309 2948 quoque
322 2867 452 2948 turpem
466 2867 610 2948 exornat,
628 2863 697 2928 vita
711 2868 775 2928 tom
788 2863 894 2948 turpis
912 2884 953 2927 ne
972 2862 1072 2927 morti

61 2954 194 3039 quidem
211 2953 368 3018 honestae
387 2953 494 3017 locum
512 2951 676 3036 relinquit.
711 2950 800 3034 Ergo
818 2951 957 3035 hercule,
980 2950 1070 3015 cuius
1090 2962 1124 3011 50

60 3043 149 3108 bona
167 3063 207 3106 ex
226 3040 331 3106 edicto
353 3040 569 3125 possidentur,
591 3039 688 3104 huius
712 3040 817 3105 omnis
839 3039 929 3104 fama
952 3041 985 3103 et
1008 3038 1070 3102 exi·

63 3132 210 3196 stimatio
238 3150 312 3194 cum
340 3128 434 3193 bonis
460 3127 556 3192 simul
583 3128 783 3213 possidetu13
810 3127 849 3192 de
876 3147 941 3211 quo
966 3125 1072 3190 libelli

63 3219 97 3282 in
109 3216 331 3284 celeberrimis
341 3216 422 3282 locis
435 3219 670 3301 proponuntur,
683 3216 809 3281 huicne
823 3215 929 3300 perire
943 3214 1072 3298 quidem

19 3323 51 3364 ει
64 3307 161 3373 tacite
181 3306 381 3389 obscureque
400 3304 599 3388 conceditur3
619 3304 671 3370 cui
690 3302 841 3390 magistri
858 3303 941 3367 fiimt
963 3306 996 3366 et
1020 3301 1073 3367 do·

64 3396 142 3460 mini
170 3393 429 3476 constituuntur,
457 3393 526 3477 qui,
554 3415 619 3476 qua
644 3393 716 3478 lege
744 3394 777 3456 et
800 3411 864 3475 qua
887 3389 1072 3456 condicione

63 3487 189 3568 pereat,
223 3481 448 3568 pronuntient,
481 3480 519 3546 de
552 3502 615 3564 quo
649 3479 778 3544 homine
799 3478 979 3564 ‘praeconis
1011 3501 1072 3544 vox
