2524 3876
404 177 481 233 CAP.
500 185 604 234 20-22
623 184 638 245 ἕ
657 187 771 235 57-62.
1045 181 1087 246 51

75 321 249 388 Peroravit
271 322 459 408 aliquando,
487 322 625 406 adsedit3
653 324 778 389 surrexi
800 346 870 411 ege.
915 299 1141 428 Respirarezg

75 411 168 476 visus
188 414 246 494 est,
271 411 358 495 quod
375 433 440 476 non
459 411 542 476 alius
561 412 671 496 potius
691 413 818 478 diceret.
851 411 952 498 Coepi
975 414 1089 480 dicere.

75 498 191 584 Usque
210 521 248 564 eo
267 499 491 584 animadverti,
513 499 643 586 iudices,
667 522 740 566 eum
760 501 862 567 iocari
885 505 982 588 atque
1006 503 1089 569 alias

75 609 129 652 res
161 609 272 674 agere,
304 590 479 671 antequam
506 586 754 675 Chrysogonum
781 589 961 675 nominavi,
993 613 1089 676 quem

46 676 176 740 esimul
194 679 292 760 atque
311 675 418 762 attigi,
437 676 551 741 statim
568 677 667 741 homo
686 697 721 742 se
740 678 851 762 erexit,
868 679 981 743 mirari
999 679 1088 744 visus

75 768 137 830 est.
177 763 338 848 Intellexi,
360 764 437 848 quid
456 787 528 829 eum
547 765 748 851 pupugisset.
788 765 912 831 Iterum
931 789 968 832 ac
989 767 1088 834 tertio

74 852 252 918 nominavi.
292 850 413 918 Postea
430 852 579 938 homines
598 875 727 918 cursare
750 854 838 920 ultro
861 859 894 919 et
917 855 1000 921 citro
1022 877 1089 921 non

75 941 287 1025 destiterunt,
321 941 430 1024 credo,
462 941 518 1026 qui
550 939 763 1028 Chrysogono
796 943 985 1009 nuntiarent
1017 963 1088 1008 esse

76 1030 219 1115 aliquem
239 1030 274 1094 in
292 1029 433 1113 civitate,
456 1030 512 1114 qui
532 1033 645 1096 contra
665 1031 869 1096 voluntatem
892 1031 961 1096 eius
984 1031 1088 1097 dicere

33 1138 61 1176 10
76 1117 224 1201 auderet3
261 1117 357 1182 aliter
390 1139 523 1182 causam
555 1117 622 1204 agi,
658 1122 757 1203 atque
788 1119 845 1183 ille
877 1119 1088 1204 existimaret,

75 1206 198 1291 aperiri
211 1205 372 1271 bonorum
386 1206 592 1290 emptionem,
611 1207 721 1272 vexari
734 1207 875 1292 pessime
889 1209 1087 1291 societatem,
1164 1261 1166 1264 .

75 1295 220 1381 gratiam
242 1293 488 1378 potentiamque
511 1294 580 1358 eius
602 1295 748 1382 neglegi,
770 1295 890 1361 iudices
914 1295 1088 1384 diligenter

74 1382 254 1466 attendere,
271 1383 394 1468 populo
408 1404 478 1446 rem
495 1382 664 1468 indignam
682 1383 793 1449 videri.
826 1382 915 1460 Quae
934 1386 1087 1469 quoniam
1107 1401 1140 1452 61

74 1476 109 1536 te
141 1470 343 1554 fefellerunt,
376 1469 489 1554 Eruci,
521 1471 737 1556 quoniamque
768 1471 859 1537 vides
891 1495 986 1538 versa
1018 1495 1088 1540 esse

34 1580 60 1618 15
75 1560 201 1643 omnia,
227 1581 359 1624 causam
382 1580 441 1644 pro
466 1555 536 1623 Sex.
555 1558 686 1644 Roscio,
710 1560 738 1624 si
759 1581 826 1626 non
849 1563 1029 1647 commode,
1053 1564 1089 1628 at

74 1648 180 1713 libere
199 1647 271 1732 dici,
290 1668 385 1731 quem
405 1647 476 1712 dedi
495 1647 645 1732 putabas,
663 1647 790 1713 defendi
808 1649 982 1734 intellegis,
1006 1671 1087 1734 quos

72 1736 256 1802 tradituros
280 1735 445 1818 sperabas,
467 1735 556 1800 vides
580 1735 731 1820 iudicare,
754 1737 890 1803 restitue
912 1737 1008 1802 nobis
1031 1738 1088 1803 ali·

73 1825 205 1909 quando
238 1827 381 1889 veterem
411 1829 501 1888 tuam
529 1824 622 1889 illam
649 1825 862 1891 calliditatem
889 1829 987 1910 atque
1014 1847 1088 1911 pru·

73 1913 235 1996 dentiam,
262 1913 415 1977 confitere
442 1912 505 1977 huc
533 1934 571 1977 ea
598 1934 655 1998 spe
677 1913 818 1998 venisse,
846 1913 932 1998 quod
954 1917 1088 1998 putares

30 2021 58 2060 aa
73 2001 129 2068 hic
152 1999 374 2084 latrocinium,
396 2021 462 2065 non
484 2000 638 2066 iudicium
660 2001 815 2067 futurum.

164 2088 214 2154 De
233 2103 235 2108 ’
242 2087 417 2173 parricidio
444 2110 542 2153 causa
566 2089 697 2173 dicitur3
725 2089 810 2156 ratio
834 2089 875 2154 ab
899 2093 1087 2155 accusatore

71 2177 204 2244 reddita
224 2179 377 2260 nonest,
406 2198 503 2260 quam
528 2178 570 2242 ob
593 2198 724 2242 causam
746 2181 874 2262 patrem
896 2177 983 2243 filius
1007 2178 1087 2245 occi·

72 2264 169 2332 derit.
220 2263 313 2341 Quod
343 2265 378 2329 in
404 2265 548 2330 minimis
575 2265 680 2330 noxiis
709 2269 742 2330 et
768 2267 803 2330 in
829 2265 881 2330 his
909 2266 1086 2332 levioribus
1107 2283 1139 2333 62

71 2353 232 2439 peccatis,
260 2375 342 2437 quae
368 2353 475 2439 magis
503 2354 617 2420 crebra
644 2358 677 2419 et
704 2353 770 2418 iam
797 2375 899 2440 prope
924 2353 1087 2421 cotidiana

31 2460 57 2501 re
73 2446 166 2524 sunt,
195 2441 248 2506 vel
275 2441 414 2506 maxime
442 2445 475 2506 et
501 2441 643 2526 primum
671 2441 850 2527 quaeritur,
878 2464 960 2527 quae
989 2465 1087 2509 causa
1151 2454 1154 2458 '

72 2528 229 2596 maleficii
254 2528 366 2614 fuerit,
395 2529 428 2593 id
455 2527 591 2594 Erucius
618 2529 654 2594 in
680 2529 854 2615 parricidio
883 2532 994 2615 quaeri
1021 2553 1088 2598 non

71 2621 172 2705 putat
205 2621 369 2702 oportere3
399 2617 435 2681 in
464 2640 527 2702 quo
556 2619 706 2703 sceleras
720 2617 855 2703 iudices,
886 2619 986 2684 etiam
1014 2642 1087 2686 cum

71 2707 200 2773 multae
222 2727 338 2772 causae
360 2707 549 2771 convenisse
571 2728 671 2772 unum
693 2706 728 2772 in
750 2707 858 2772 locum
881 2711 978 2792 atque
1000 2707 1087 2773 inter

72 2818 109 2861 se
128 2815 307 2881 congruere
325 2793 484 2879 videntur,
507 2798 617 2860 tamen
634 2817 701 2861 non
718 2797 840 2861 temere
859 2796 1008 2880 creditur,
1030 2817 1086 2862 ne-

31 2901 59 2941 ³0
73 2905 137 2969 que
156 2883 222 2949 levi
240 2881 425 2948 coniectura
441 2905 494 2948 res
516 2883 677 2968 penditur,
698 2903 803 2968 neque
826 2883 921 2949 testis
944 2885 1085 2949 incertus

72 2972 215 3057 auditur,
236 2992 340 3056 neque
358 2972 555 3037 accusatoris
573 2971 704 3058 ingenio
722 2993 775 3036 res
797 2971 965 3037 iudicatur.
1004 2969 1086 3038 Oum

71 3061 181 3126 multa
213 3063 310 3125 antea
341 3061 515 3125 commissa
542 3060 714 3144 maleficia,
746 3082 819 3125 cum
847 3059 916 3125 vita
943 3058 1085 3124 hominis
1162 3057 1164 3062 ’

71 3149 310 3236 perditissima,
342 3152 413 3213 tum
448 3149 624 3234 singularis
653 3148 787 3214 audacia
815 3147 1005 3213 ostendatur
1031 3169 1085 3212 ne·

71 3259 162 3304 cesse
194 3241 260 3322 est,
289 3257 393 3321 neque
425 3237 558 3302 audacia
586 3237 705 3321 solum,
736 3235 794 3301 sed
822 3257 966 3300 summus
992 3235 1085 3300 furor

30 3342 57 3383 *ὁ
72 3331 172 3413 atque
192 3325 344 3391 amentia.
384 3323 474 3390 Haec
492 3347 565 3390 cum
588 3325 654 3390 sint
678 3325 799 3406 omnia,
822 3326 933 3388 tamen
955 3325 1084 3390 exstent

71 3417 205 3501 oportet
236 3435 388 3497 expressa
415 3413 544 3479 sceleris
572 3413 724 3498 vestigia,
755 3411 826 3496 ubi,
857 3433 921 3496 qua
948 3412 1084 3497 ratione,

70 3525 130 3590 per
143 3524 238 3590 quos,
257 3524 321 3585 quo
335 3505 481 3588 tempore
495 3502 689 3567 maleficium
708 3500 753 3566 sit
771 3499 957 3567 admissum.
994 3499 1083 3577 Quae

829 3602 868 3657 4*
