2564 3876
171 187 214 252 82
363 183 435 239 PRO
454 183 485 249 Q.
504 183 634 238 ROSCIO
653 181 828 240 COMOEDO
847 181 991 237 ORATIO.

170 327 295 394 fundum,
333 342 398 380 uem
415 341 433 379 s
449 324 548 380 Flavio
562 324 680 380 Roscius
699 327 853 395 acceperat,
872 321 1177 392 Recenseamus

170 399 286 470 petebat
336 396 354 450 S
377 396 471 464 1000,
494 396 575 466 quasi
597 396 717 451 Roscius
738 412 790 467 pro
814 395 961 464 societate,
989 411 1044 450 non
1070 410 1120 466 pro
1148 409 1179 448 se

169 471 281 523 tantum
296 466 453 524 decidisset.
485 468 519 521 In
532 483 586 536 quo
602 467 692 522 omnis
707 483 792 522 causa
804 469 940 523 versatur.
968 465 1180 538 Magnaautem

171 538 306 594 orationis
323 555 389 609 pars
408 538 513 595 amisso
531 541 581 592 est.

556 753 664 819 Multa
685 753 802 818 desem

137 839 155 904 Ῑ
339 859 500 926 malitiam
526 862 663 923 naturae
686 857 877 924 crederetur.
922 856 955 922 ls
982 857 1104 924 scilicet
1130 858 1182 923 vir
1271 912 1272 944 ,

137 917 316 1035 1optimus
348 953 382 1014 et
414 946 573 1034 singulari
603 946 667 1010 fide
700 945 867 1031 praeditus
901 945 937 1010 in
971 967 1029 1012 suo
1062 945 1182 1012 iudicio

171 1038 239 1103 suis
266 1038 388 1103 tabulis
416 1036 557 1101 testibus
579 1035 630 1099 uti
652 1038 797 1100 conetur.
842 1031 956 1099 Solent
977 1035 1047 1100 fere
1069 1034 1184 1119 dicere,

171 1123 988 1298 11ζῖ11311ξὲῃῖᾞῗὶἶῗῑὲιὶΐῗοῖἒέῗξῗ
1008 1145 1223 1296 {tttft

171 1324 243 1366 meo
274 1323 372 1367 causa
405 1301 526 1364 falsum
557 1299 593 1364 in
628 1298 771 1365 codicem
803 1298 973 1364 referretl'
1028 1299 1185 1385 ExpectO,

171 1411 269 1473 quam
291 1411 368 1454 mox
386 1387 531 1454 Chaerea
554 1387 616 1454 hec
639 1387 787 1454 oratione
805 1389 930 1452 utatur:
955 1387 1081 1473 ‘Egone
1098 1388 1185 1454 hanc

171 1500 304 1544 manum
321 1479 452 1562 plenam
470 1476 623 1562 perfidiae
642 1475 754 1541 ethos
774 1475 895 1561 digitos
910 1497 1000 1541 meos
1014 1476 1185 1561 impellere

170 1565 276 1650 potui,
303 1568 340 1630 ut
366 1565 488 1630 falsum
515 1564 753 1649 perscriberent
781 1563 934 1629 nomenl'
980 1562 1105 1639 Quodsi
1127 1565 1186 1630 ille
1272 1583 1273 1622 1

171 1675 246 1718 suas
273 1655 418 1739 proferet
444 1653 589 1736 tabulas,
616 1652 760 1737 proferet
787 1673 862 1717 suas
886 1674 1013 1737 quoqne
1036 1652 1186 1720 Roscius.
1200 1681 1225 1720 ιο

170 1742 245 1809 Erit
276 1743 311 1807 in
341 1742 431 1807 illius
463 1741 586 1806 tabulis
613 1740 676 1806 hoc
701 1762 834 1824 nomen,
866 1744 902 1805 et
929 1742 966 1806 c'n
993 1741 1091 1807 huius
1118 1764 1188 1808 non

136 1831 242 1897 serit.
297 1828 363 1896 Cur
398 1829 507 1915 potius
543 1829 633 1893 illius
670 1850 769 1912 quam
804 1827 900 1893 huius
936 1829 1108 1895 credetur?
1142 1868 1186 1879 -

171 1917 362 2004 Scripsisset
384 1919 450 2002 ille,
473 1917 502 1982 si
523 1939 590 1982 non
609 1917 700 1982 iussu
718 1916 814 1981 huius
834 1939 1009 2002 expensum
1028 1919 1187 1986 tulisset?

172 2045 211 2055 -
245 2006 321 2073 Non
357 2006 542 2091 scripsisset
576 2005 643 2089 bic,
679 2005 766 2090 quod
800 2004 863 2069 sibi
895 2027 1073 2090 expensum
1104 2007 1189 2074 ferri

169 2096 341 2162 iussisset?
385 2093 471 2159 Nam
499 2115 595 2177 quem
622 2093 664 2158 ed
686 2093 819 2158 modum
841 2097 937 2178 turpe
960 2097 1011 2159 est
1033 2095 1188 2182 scribere,
1201 2122 1225 2163 ss

170 2183 257 2268 quod
282 2206 350 2248 non
376 2182 546 2266 debeatur,
578 2181 624 2247 sic
655 2181 842 2266 improbum
874 2185 924 2246 est
954 2204 1022 2248 non
1053 2183 1189 2268 referre,

171 2271 257 2355 quod
280 2270 407 2336 debeas.
442 2270 555 2353 Aeque
578 2270 665 2334 enim
682 2269 816 2335 tabulae
834 2269 1092 2336 condemnantur
1106 2273 1188 2358 eius,

171 2359 227 2442 qui
245 2380 358 2423 verum
375 2381 443 2424 non
459 2358 599 2441 rettulit,
621 2361 655 2422 et
678 2357 755 2443 eius,
778 2358 835 2442 qui
847 2357 969 2424 falsum
982 2360 1186 2446 perscripsit.

170 2443 233 2512 Sed
260 2467 321 2530 ego
351 2447 445 2532 copis
472 2450 505 2511 et
532 2446 688 2511 facultate
715 2467 830 2511 causae
857 2447 998 2512 confisus
1020 2447 1095 2514 ride
1119 2471 1186 2534 quo
1272 2523 1274 2532 y

169 2533 368 2620 progrediar.
414 2533 449 2599 si
470 2535 601 2599 tabulas
625 2532 659 2600 Ο.
682 2533 824 2600 Fannius
848 2535 972 2619 accepti
995 2539 1028 2600 et
1050 2538 1187 2622 expensi
1201 2566 1227 2606 sc

169 2621 295 2708 profert
318 2644 392 2688 suas
415 2621 451 2688 in
473 2644 567 2688 suem
588 2644 658 2688 rem
681 2644 739 2688 suo
764 2623 926 2688 arbitratu
944 2623 1095 2709 scriptas,
1119 2648 1186 2710 quo

135 2711 277 2781 ominus
309 2711 484 2776 secundum
512 2710 608 2775 illum
638 2710 800 2788 iudicetis,
831 2733 897 2776 non
927 2733 1050 2778 recuso.
1103 2713 1185 2790 Quis

168 2800 231 2866 hoc
256 2799 360 2864 frater
386 2798 495 2882 fratri,
523 2799 595 2882 quis
623 2821 740 2883 parens
763 2799 831 2864 filio
854 2799 985 2884 tribuit,
1008 2804 1059 2885 ut,
1084 2803 1185 2886 quod-

169 2910 305 2972 cumque
323 2887 515 2971 rettulisset,
532 2885 566 2950 id
584 2889 693 2954 ratum
711 2886 867 2953 heberet?
903 2888 1025 2953 Ratum
1045 2888 1186 2957 habebit

168 2977 320 3061 Roscius,
341 2976 467 3062 profer,
491 2973 577 3058 quod
599 2975 661 3040 tibi
683 2974 783 3040 firerit
805 2997 1005 3061 persuasum,
1027 2977 1106 3044 huic
1121 2981 1226 3046 critas

167 3087 368 3151 persuasum,
387 3064 474 3148 quod
491 3063 553 3128 tibi
570 3062 670 3128 fuerit
687 3064 872 3148 probatum,
890 3063 965 3130 huic
983 3065 1046 3130 erit
1064 3067 1184 3150 probs·

168 3156 247 3217 tum.
296 3153 399 3218 Paulo
432 3155 508 3218 ante
539 3149 583 3216 M.
609 3151 808 3236 Perpennae,
839 3152 874 3218 P.
908 3151 1018 3218 Saturi
1048 3154 1184 3222 tabulas

167 3241 394 3324 poscebamus,
432 3261 517 3306 nunc
552 3243 640 3320 tuas,
677 3237 712 3305 Ο.
743 3237 847 3306 Fanni
884 3238 1042 3326 Chaerea,
1078 3244 1184 3309 solius

168 3328 355 3411 flagitamus
378 3332 421 3412 et,
444 3350 507 3412 quo
532 3327 638 3392 minus
661 3327 836 3394 secundum
856 3349 911 3394 eas
930 3329 971 3394 lis
990 3330 1093 3415 detur,
1115 3353 1184 3400 non

134 3432 368 3498 srecusamus3
392 3416 469 3500 quid
491 3417 538 3480 ita
559 3437 626 3480 non
648 3415 797 3499 profers?
833 3415 911 3484 Non
931 3418 1062 3484 conficit
1088 3420 1184 3487 tabu·
1197 3449 1226 3489 ao

168 3501 242 3564 las?
280 3500 385 3566 Immo
409 3502 667 3588 diligentissime.
703 3502 780 3569 Non
802 3505 903 3571 refert
925 3529 1026 3590 parva
1048 3509 1185 3575 nomina
