2504 3876
320 237 427 293 cmv
460 237 538 294 cAP,
557 243 662 294 ιιι-ιι
681 245 697 306 s
715 245 828 296 ea-es.
1012 238 1077 303 453

61 383 156 466 cidit,
179 404 236 447 cur
253 386 347 447 tanto
368 405 464 467 opere
486 382 550 447 iste
572 382 670 448 homo
695 384 921 468 occultaretur,
943 385 981 448 ut
1004 405 1077 448 eum

61 493 105 536 ne
127 493 205 536 casu
224 471 354 555 quidem
373 472 545 556 quisquam
563 471 727 556 adspicere
750 474 883 557 posset?
920 471 1077 537 Homines

62 559 236 625 maritumi
267 558 448 644 Syracusis,
486 559 541 644 qui
578 581 674 645 saepe
710 561 805 626 istius
839 561 927 627 ducis
959 582 1078 626 nomen

63 649 248 733 audissent,
276 670 373 733 saepe
395 648 595 732 timuissent,
623 671 696 714 cum
720 649 787 714 eius
810 651 956 715 cruciatu
979 653 1077 733 atque

31 754 47 795 ⁵
63 736 229 822 supplicio
243 759 376 822 pascere
392 737 502 802 oculos
517 736 723 839 animumque
740 741 927 803 exsaturare
944 738 1077 822 vellent,

64 829 217 910 potestas
250 825 448 928 adspiciendi
478 825 601 890 nemini
632 824 721 891 facta
748 830 806 890 est.
851 825 945 891 Unus
972 788 1077 912 plurisi
1096 840 1131 890 et

64 914 268 998 praedonum
288 914 433 979 duces
402 935 495 979 vrvos
514 913 600 998 ceprt
616 913 652 979 P
668 909 824 980 Servilius
844 936 942 998 quam
965 936 1078 980 omnes

65 1005 174 1067 antea.
216 1001 430 1155 Ecquando
420 1003 482 1088 rgit
484 1024 522 1066 ur
549 1002 615 1067 isto
637 1002 746 1068 fructu
769 1003 941 1087 quisquam
965 1003 1079 1087 caruit,

64 1094 105 1154 ut
139 1090 249 1156 videre
274 1091 416 1176 piratam
444 1094 575 1175 captum
602 1113 669 1156 non
696 1091 830 1157 liceret?
881 1091 928 1156 At
955 1095 1079 1176 contra,

20 1196 49 1235 10
66 1201 270 1264 quacumque
288 1179 352 1244 iter
372 1178 459 1264 fecit,
482 1179 544 1244 hoc
566 1179 834 1244 iucundissimum
857 1181 1079 1264 spectaculum

66 1268 220 1332 omnibus
247 1267 429 1333 vinctorum
458 1271 691 1351 captorumque
718 1268 863 1333 hostium
890 1268 1079 1354 praebebat,

7 1411 8 1414 ,
65 1357 179 1441 itaque
203 1355 233 1421 ei
255 1378 429 1422 concursus
452 1355 576 1420 fiebant
598 1355 748 1441 undique,
771 1360 897 1422 utnon
919 1357 1015 1422 modo
1040 1379 1079 1421 ex

64 1443 107 1509 iis
141 1444 283 1530 oppidis,
316 1467 380 1529 qua
407 1444 567 1509 ducebant
553 1448 620 1530 tur,
653 1444 709 1509 sed
737 1445 836 1510 etiam
864 1467 903 1510 ex
929 1445 1078 1510 finitimis

65 1533 193 1599 visendi
229 1554 327 1598 causa
364 1532 581 1598 convenirent.
635 1533 710 1617 Ipse
747 1537 804 1598 aut
805 1556 856 1598 em
891 1534 1078 1619 triumphus

22 1636 51 1678 1⁶
67 1643 168 1705 quam
196 1621 238 1684 ob
264 1642 332 1685 rem
356 1621 501 1685 omnium
524 1621 765 1705 triumphorum
789 1622 997 1708 gratissimus
1020 1644 1079 1707 po-

7 1737 8 1774 3
67 1709 147 1793 pulo
169 1707 318 1774 Romano
345 1709 410 1773 fuit
437 1712 471 1773 et
496 1709 768 1774 iucundissimus?
809 1708 893 1785 Quia
918 1711 1003 1776 nihil
1028 1715 1079 1775 est

7 1829 8 1864 ;
67 1797 206 1862 victoria
235 1797 372 1881 dulcius,
404 1797 531 1861 nullum
562 1801 612 1862 est
636 1801 745 1863 autem
768 1799 992 1863 testimonium
1016 1799 1079 1864 vic·

7 1915 8 1954 1
67 1885 173 1950 toriae
210 1885 329 1951 certius
366 1907 476 1969 quam,
514 1907 594 1971 quos
627 1908 723 1971 saepe
755 1887 922 1972 metueris,
959 1908 1014 1952 eos
1044 1890 1078 1952 te

68 1974 194 2039 vinctos
223 1974 265 2040 ad
287 1974 482 2059 supplicium
506 1974 578 2040 duci
600 1975 718 2040 videre.
758 1974 830 2040 Hoc
853 1979 891 2040 tu
914 1997 1011 2060 quam
1035 1975 1077 2040 ob
1096 1988 1130 2038 et

25 2080 54 2120 sc
69 2083 138 2126 rem
160 2084 227 2128 non
249 2062 378 2128 fecisti?
408 2084 506 2146 quam
530 2063 572 2128 ob
596 2085 665 2127 rem
688 2064 736 2128 ita
757 2063 866 2148 pirata
888 2064 952 2129 iste
975 2064 1078 2129 occul-

69 2154 158 2216 tatus
178 2155 237 2235 est,
259 2151 353 2236 quasi
371 2173 445 2217 cum
464 2150 566 2235 aspici
583 2151 675 2216 nefas
695 2152 802 2216 esset?
821 2174 919 2236 quam
943 2152 985 2218 ob
1008 2174 1078 2217 rem

70 2239 264 2324 supplicium
282 2262 349 2306 non
368 2239 559 2324 sumpsisti?
583 2262 680 2323 quarn
700 2240 741 2304 ob
761 2262 892 2306 causam
912 2240 1079 2307 hominem

8 2375 9 2398 2
69 2328 264 2396 reservasti?
288 2350 421 2412 ecquem
441 2328 504 2393 scis
522 2328 557 2391 in
575 2325 687 2392 Sicilia
705 2332 801 2393 antea
822 2333 953 2413 captum
977 2330 1078 2396 archi-

70 2415 224 2500 piratam,
251 2416 308 2500 qui
334 2438 400 2481 non
428 2416 531 2482 securi
559 2420 799 2501 percussust
755 2413 820 2481 sit?
866 2415 976 2483 Unum
1000 2418 1077 2484 cedo

29 2521 56 2562 ιι
73 2507 237 2568 auctorem
264 2504 314 2568 tui
340 2504 432 2588 facti,
460 2504 556 2568 unius
582 2504 694 2589 profer
719 2506 911 2590 exemplum.
956 2506 1078 2572 Vivum

71 2595 108 2655 tu
133 2591 366 2676 archipiratam
394 2593 616 2657 servabas-
647 2593 733 2678 quo?
778 2594 842 2659 Per
866 2595 1079 2680 triumphum,

73 2679 177 2764 credo,
205 2702 300 2764 quem
326 2683 412 2752 ente
425 2702 553 2745 currum
576 2683 670 2745 tuum
693 2681 838 2765 duceres3
864 2704 968 2767 neque
992 2683 1078 2748 enim

9 2835 10 2842 χ
73 2767 243 2869 quicquam
273 2772 345 2833 erat
371 2769 546 2853 reliquum,
576 2769 640 2834 nisi
667 2770 717 2834 uti
744 2770 848 2836 classe
874 2769 989 2855 populi
1015 2770 1078 2836 Ro-

73 2877 157 2920 mam
148 2856 394 2939 pulcherrima
413 2857 533 2923 amissa
550 2858 782 2943 provinciaque
801 2858 945 2923 lacerata
965 2858 1077 2924 trium·

31 2944 153 3030 sophus
175 2943 239 3008 tibi
259 2945 387 3011 navalis
411 2944 644 3012 decerneretur.

67 3115 70 3122 Ι
136 3031 208 3118 Aga
227 3054 335 3118 porro,
358 3033 512 3099 custodiri
531 3033 644 3099 ducem
661 3033 861 3116 praedonum
878 3055 964 3100 novo
988 3056 1076 3100 more
1086 3003 1129 3130 ἓξ

74 3143 167 3206 quam
200 3121 305 3186 securi
335 3120 426 3185 feriri
457 3120 601 3186 omnium
634 3123 780 3204 exemplo
811 3122 917 3207 magis
944 3122 1076 3207 placuit.

75 3210 158 3286 Quae
177 3211 254 3274 sunt
271 3209 355 3273 istae
378 3210 564 3274 custodiae?
588 3209 673 3294 apud
697 3231 778 3294 quos
801 3211 958 3294 homines,
982 3232 1077 3294 quem

76 3298 113 3362 ad
142 3297 274 3364 modum
301 3301 352 3362 est
379 3298 590 3363 adservatus?
635 3296 827 3362 Lautumias
855 3296 1076 3382 Syracusanas

35 3404 62 3448 ss
77 3407 181 3451 omnes
214 3385 365 3470 audistis,
401 3385 548 3470 plerique
581 3386 694 3451 nostis.
749 3385 838 3472 Opus
871 3391 922 3452 est
952 3388 1077 3474 ingens,

76 3474 287 3560 magnificum,
309 3495 424 3560 regum
444 3496 481 3540 ao
503 3477 730 3560 tyrannorum3
752 3478 860 3541 totum
883 3480 934 3541 est
957 3499 975 3542 e
997 3498 1075 3543 saxo

76 3563 107 3629 in
124 3562 302 3628 mirandam
321 3562 528 3628 altitudinem
546 3563 698 3647 depresso
718 3567 751 3630 et
769 3565 948 3630 multorum
969 3566 1076 3651 operis
