2622 3884
284 218 287 222 ·
341 209 408 265 ΜΒ.
428 211 470 266 111
502 210 581 266 cAP.
599 217 706 267 sa-ar
724 218 739 278 e
759 218 907 268 rsa-194.
1068 212 1134 276 349

115 355 292 421 vecturae?
326 377 390 441 quo
414 378 453 421 ex
475 356 548 422 loeo
570 355 605 420 in
629 378 723 441 quem
747 357 855 422 loaum
878 379 918 422 ne
940 357 1133 442 portarent?

117 442 314 509 Philomelio
347 444 536 529 Ephesum?
586 443 704 529 Video,
741 445 818 529 quid
853 445 939 510 inter
972 467 1134 510 annonam

117 532 275 597 interesse
308 533 427 617 soleat,
457 532 565 614 video,
597 537 678 618 quot
710 533 835 598 dierum
867 534 921 599 via
950 534 1007 618 sit,
1038 534 1132 600 video

118 619 427 686 Philomeliensibus
454 621 616 706 expedire,
645 622 759 706 quanti
780 622 905 706 Ephesi
927 622 972 687 sit
994 623 1134 688 frumen-

1 773 2 780 ,
90 713 204 792 stum,
232 709 309 774 dare
332 710 441 795 potius
463 710 500 775 in
521 710 667 795 Phrygia
690 732 789 795 quam
811 710 979 795 Ephesum
1000 714 1133 795 portare

119 801 177 863 aut
209 797 250 862 ad
282 798 452 863 emendum
479 797 680 863 frumentum
707 799 875 883 Ephesum
901 799 1072 884 pecuniam
1100 802 1133 864 et

118 886 247 972 legatos
266 888 406 951 mittere.
446 887 486 952 In
505 885 617 952 Sicilia
636 909 714 952 vero
738 887 814 971 quid
838 887 905 952 eius
929 887 1018 951 modi
1041 887 1114 953 est?
1135 898 1185 948 192

118 973 237 1039 Henna
255 974 491 1040 mediterranea
509 979 560 1040 est
582 975 731 1040 maxime.
767 973 865 1061 Coge,
887 979 925 1039 ut
948 975 989 1039 ad
1012 996 1130 1059 aquam

117 1062 194 1146 tibi,
220 1062 255 1126 id
278 1063 364 1147 quod
387 1063 506 1128 summi
527 1063 608 1128 iuris
631 1068 694 1148 est,
716 1062 918 1128 frumentum
939 1062 1130 1127 Hennenses

78 1166 105 1206 ¹⁰
119 1149 339 1216 admetiantur
360 1153 413 1217 vel
435 1151 602 1216 Phintiam
624 1153 677 1217 vel
699 1150 877 1216 Halaesam
900 1152 952 1216 vel
971 1150 1132 1236 (latinam,

119 1238 192 1303 loea
208 1239 295 1304 inter
313 1262 348 1305 se
366 1262 516 1305 maxume
534 1240 672 1323 diversa,
690 1240 803 1305 eodem
822 1240 882 1324 die,
905 1260 969 1325 quo
987 1238 1131 1324 iusseris,

119 1327 348 1412 deportabunt.
396 1327 541 1393 Tametsi
572 1350 613 1393 ne
642 1331 775 1394 vectura
804 1328 934 1413 quidem
962 1332 1013 1394 est
1039 1349 1130 1413 opus.

117 1413 206 1480 Nam
237 1420 328 1482 totus
361 1420 514 1502 quaestus
546 1417 612 1501 hie,
644 1416 779 1500 iudices,
812 1417 1060 1483 aestumationis
1093 1437 1132 1481 ex

118 1526 266 1569 annonae
292 1509 389 1570 natus
418 1510 468 1570 est
495 1505 662 1570 varietate.
708 1505 779 1570 Hoc
807 1506 894 1570 enim
917 1506 1131 1592 magistratus

79 1606 105 1647 ¹⁶
118 1592 153 1656 in
179 1593 348 1676 provincia
375 1593 509 1678 adsequi
534 1596 658 1677 potest,
685 1596 723 1658 ut
749 1593 797 1658 ibi
823 1594 975 1678 aeoipiat,
1002 1595 1060 1659 ubi
1082 1597 1133 1659 est

119 1681 332 1747 carissimum.
381 1681 458 1747 Ideo
490 1682 578 1746 valet
610 1682 675 1746 ista
707 1681 791 1746 ratio
820 1683 1069 1747 aestumationis
1097 1683 1133 1747 in

118 1769 214 1853 Asia,
246 1770 333 1835 valet
363 1770 399 1835 in
424 1769 598 1854 Hispania,
630 1770 718 1836 valet
745 1770 780 1834 in
806 1769 848 1834 iis
875 1770 1067 1856 provinciis,
1097 1770 1133 1835 in

119 1858 236 1942 quibus
267 1880 368 1923 unum
399 1858 541 1943 pretium
571 1858 735 1923 frumento
769 1879 839 1924 esse
870 1881 938 1924 non
967 1859 1066 1941 solet3
1097 1858 1132 1923 in

118 1944 231 2011 Sicilia
249 1968 325 2012 vero
345 1947 422 2031 quid
440 1946 630 2031 cuiusquam
648 1947 814 2031 intererat,
837 1969 901 2032 quo
924 1947 997 2012 loeo
1017 1946 1132 2012 deret?

78 2050 223 2118 ¹⁰neque
250 2035 336 2100 enim
361 2029 557 2120 portandum
581 2038 664 2120 erat,
692 2039 738 2120 et,
767 2057 830 2120 quo
855 2035 990 2119 quisque
1013 2035 1131 2100 vehere

118 2122 227 2187 iussus
237 2127 332 2208 esset,
340 2123 388 2188 ibi
399 2123 558 2189 tantidem
569 2122 770 2189 frumentum
779 2129 910 2208 emeret,
920 2123 1035 2208 quanti
1044 2123 1133 2189 domi

118 2211 325 2277 vendidisset.
366 2212 471 2288 Quam
494 2212 536 2278 ob
559 2233 641 2296 rem,
664 2212 692 2275 si
715 2212 779 2297 vis,
805 2211 976 2296 Hortensi,
999 2212 1185 2278 docerent

119 2299 244 2384 aliquid
262 2301 303 2365 ab
321 2300 386 2365 isto
406 2301 512 2365 simile
531 2300 566 2365 in
589 2301 826 2365 aestumatione
851 2303 948 2385 atque
972 2323 991 2366 a
1014 2302 1131 2367 ceteris

120 2409 191 2452 esse
217 2387 355 2472 iactum,
383 2389 498 2454 doceas
529 2388 693 2473 oportebit
716 2389 825 2473 aliquo
848 2389 884 2454 in
906 2391 978 2456 loeo
1002 2387 1131 2456 Siciliae

78 2492 105 2535 as
119 2479 270 2562 praetore
292 2476 394 2542 Verre
421 2477 523 2542 ternis
552 2476 692 2541 denariis
719 2477 821 2542 tritioi
849 2479 993 2543 modium
1021 2479 1131 2545 fuisse.

188 2563 284 2650 Vide,
316 2587 414 2650 quam
445 2564 508 2630 tibi
535 2564 753 2630 defensionem
779 2566 1001 2652 patefecerim,
1035 2590 1132 2653 quam
1143 2563 1186 2630 84

119 2652 266 2737 iniquam
297 2654 333 2718 in
364 2653 482 2738 socios,
515 2675 613 2738 quam
644 2658 804 2719 remotam
838 2655 879 2720 ab
909 2655 1055 2720 utilitate
1085 2655 1133 2720 rei

119 2741 284 2825 publicae,
316 2764 415 2827 quam
447 2742 625 2807 seiunctam
659 2765 678 2806 a
707 2743 877 2808 voluntate
905 2766 943 2809 ao
971 2744 1133 2808 sententia

119 2829 213 2915 legis.
259 2829 323 2913 Tu,
354 2853 427 2896 oum
459 2830 521 2894 tibi
553 2850 614 2916 ego
646 2830 846 2896 frumentum
872 2831 907 2895 in
934 2831 1015 2896 meis
1044 2829 1132 2915 agris

78 2934 106 2975 ³⁰
120 2921 221 3002 atque
242 2917 278 2982 in
300 2940 372 2983 mea
396 2919 542 3003 civitate,
565 2918 701 3002 denique
719 2919 755 2984 in
776 2920 816 2984 iis
840 2919 934 3000 loeis,
957 2918 992 2982 in
1015 2918 1132 3002 quibus

53 3062 55 3068 .
119 3006 277 3090 versaris,
304 3029 374 3071 rem
397 3007 497 3093 geris,
524 3007 726 3091 provinciam
750 3007 972 3090 administras,
997 3009 1132 3091 paratus

120 3093 183 3160 sim
217 3094 307 3178 dare,
341 3096 496 3181 angulum
530 3095 611 3159 mihi
643 3096 784 3179 aliquem
815 3095 918 3180 eligas
946 3093 1133 3177 provinciae

2 3209 4 3224 ²
119 3182 324 3248 reconditum
347 3206 384 3249 aa
407 3183 619 3249 dereliatum?
642 3183 756 3248 iubeas
778 3182 825 3247 ibi
848 3204 900 3246 me
922 3181 1045 3267 metiri,
1069 3205 1132 3266 quo

119 3275 253 3357 portare
275 3293 342 3338 non
366 3272 528 3358 expediat,
559 3272 615 3336 ubi
639 3293 745 3336 emere
772 3292 838 3336 non
860 3271 1007 3356 possim?
1053 3272 1186 3336 Im-194

77 3359 261 3445 reprobum
288 3361 427 3445 facinus,
454 3360 588 3443 iudices,
614 3380 681 3424 non
706 3359 888 3444 ferendum,
915 3359 1037 3425 nemini
1060 3360 1133 3446 lege

119 3469 322 3532 conoessum,
350 3450 407 3515 sed
433 3449 575 3514 fortasse
603 3447 707 3512 adhue
734 3447 769 3512 in
792 3447 885 3513 nullo
908 3449 1008 3514 etiam
1031 3448 1133 3515 vindi-

117 3537 242 3601 oatum!
279 3536 404 3602 Tamen
422 3559 483 3624 ego
501 3535 573 3618 hoo,
597 3534 683 3618 quod
701 3535 780 3599 ferri
797 3557 882 3622 nego
900 3558 1006 3622 posse,
1026 3535 1132 3621 Verri,
