2564 3876
191 166 234 230 96
385 160 456 215 PRO
475 160 506 227 Q.
521 159 652 216 ROSCIO
672 157 845 214 COMOEDO
866 158 1009 215 ORATIO.

190 307 310 372 iurium
334 327 431 390 quam
455 305 495 371 ad
517 304 720 370 mendacium
742 304 876 389 perduoi
898 303 1072 369 consuevit.
1113 299 1178 378 Quis

192 395 279 460 enim
288 394 513 479 deprecatione
523 392 665 477 deorum,
677 414 745 460 non
753 392 970 458 conscientiae
982 391 1046 457 fide
1058 412 1180 456 comme

192 484 307 549 vetur?
347 483 539 567 Propterea,
569 502 651 565 quae
677 503 783 566 poena
810 481 852 546 ab
880 481 930 547 dis
957 479 1181 546 immorlalibus

191 571 331 657 periuro,
348 571 429 636 haec
447 571 558 635 eadem
577 569 724 635 mendaci
742 569 922 635 constitula
940 573 1005 653 esl3
1026 590 1089 634 non
1108 567 1184 632 enim

192 657 1047 832 ilnllfflb'iibsslldelllli1iilillinis?
1057 673 1211 810 llll

191 799 369 902 tendunlrir
401 835 510 920 alicui,
542 835 575 898 di
601 835 804 900 immortales
830 834 1018 900 hominibus
1044 833 1134 898 irasci
1157 834 1188 896 el

140 935 174 985 47
194 945 379 990 suscensere
402 925 605 989 consuenml.
643 924 688 986 Ae
673 925 773 1007 bego
796 923 858 988 hoo
880 944 919 988 ex
942 922 1102 988 eonlranio
1123 941 1189 986 eon·

193 1014 304 1081 tendo:
322 1013 440 1079 Levior
458 1015 544 1076 esset
562 1010 740 1077 auctoritas
757 1008 906 1094 Cluvi,
880 1032 909 1074 si
927 1010 1048 1076 diceret
1065 1010 1190 1089 imalus,

195 1125 292 1186 quam
303 1123 389 1167 nune
403 1104 462 1184 esi,
480 1122 553 1165 oum
568 1099 668 1165 dieii
659 1099 781 1163 miurat
781 1121 829 1164 us
855 1097 940 1164 Tum
958 1098 1044 1164 euim
1061 1057 1191 1164 forsilari
1205 1115 1228 1154 ιο

193 1150 633 1360 iliblssidlblllb
653 1185 1192 1341 {bllnlrcslslllll

195 1368 246 1432 esi
272 1327 474 1430 castissimus
500 1368 533 1428 el
556 1325 838 1430 condientissimus
863 1385 934 1428 esse
956 1363 1066 1428 videat
1051 1367 1117 1448 tur,
1141 1361 1193 1446 qui
1262 1407 1263 1416 1

194 1453 241 1537 id,
264 1452 350 1536 quod
374 1452 447 1536 soil,
469 1452 689 1517 familiaribus
712 1452 780 1516 suis
804 1451 891 1516 dieii.

142 1547 176 1597 48
260 1539 321 1605 Die
343 1561 440 1624 nuno,
469 1539 497 1604 si
518 1544 626 1625 potes,
653 1540 683 1604 si
704 1561 770 1623 res,
794 1540 822 1604 si
844 1561 943 1605 eausa
964 1540 1104 1625 patitur,
1125 1537 1195 1604 (1111-
1209 1557 1231 1595 ι(

194 1628 283 1694 vium
298 1650 368 1694 esse
386 1628 573 1694 mentitum!
602 1628 759 1692 Mentitus
778 1632 829 1693 esi
848 1626 1003 1693 Cluvius?
1027 1627 1105 1713 Ipsa
1121 1627 1197 1692 mibi

195 1718 316 1783 veritas
344 1737 476 1782 menum
503 1716 595 1782 inicii
617 1720 650 1780 el
672 1716 838 1801 paulisper
861 1716 1042 1781 consistere
1064 1721 1098 1781 et
1119 1738 1196 1781 com·

195 1806 318 1872 morari
343 1805 440 1891 cogit.
484 1803 578 1869 Unde
600 1804 663 1870 hoe
685 1808 793 1870 tolum
815 1805 948 1870 ductum
971 1809 1005 1868 el
1028 1805 1197 1870 conflatum

195 1894 398 1960 mendacium
425 1892 496 1958 esi?
532 1893 668 1958 Roscius
697 1896 747 1958 esi
769 1892 921 1958 videlicet
943 1892 1042 1962 homo
1067 1892 1197 1958 callidus

196 1987 229 2046 el
260 1985 421 2048 versutus.
469 1980 541 2046 Hoc
571 1981 665 2046 initio
698 1981 843 2067 cogitare
875 1980 994 2066 eoepit:
1028 1980 1232 2057 ‘Quoniame

71 2142 73 2148 ,
195 2070 339 2135 Fannius
371 2093 391 2134 a
422 2091 474 2134 me
504 2069 589 2153 pelil
619 2067 675 2132 HS
707 2087 797 2153 1000,
828 2072 938 2153 pelam
969 2091 998 2134 a.
1020 2067 1056 2134 0.
1080 2068 1199 2151 Gluvio,

197 2159 305 2243 equile
332 2158 493 2240 Romano,
525 2157 735 2222 ornatissimo
765 2157 910 2241 homine,
940 2161 979 2222 ut
1006 2179 1081 2223 mea
1107 2179 1200 2223 eausa

197 2247 386 2326 menlielur,
414 2245 501 2310 dieat
527 2245 721 2311 decisionem
746 2245 869 2310 faciam
896 2266 980 2328 esse,
1008 2245 1200 2329 quaefacta

196 2336 340 2416 nonest,
362 2331 417 2397 Hs
436 2350 577 2400 ccolooo
600 2355 621 2398 a
638 2332 751 2398 Flavio
775 2333 852 2398 dela
875 2355 946 2398 esse
963 2332 1100 2419 Fannio,
1123 2355 1200 2419 quae

198 2420 275 2485 dala
305 2442 371 2485 non
403 2420 499 2486 suni?
549 2421 611 2486 nse
643 2421 704 2486 hoo
735 2420 895 2506 principio
924 2420 1068 2506 improbi
1095 2422 1233 2506 animis

144 2514 178 2564 49
198 2508 308 2573 miseri
334 2508 470 2594 ingenii,
497 2508 580 2573 nulli
607 2508 742 2574 consilii.
788 2508 872 2584 Quid
899 2509 1037 2575 deinde?
1072 2510 1202 2576 Postea-

198 2619 296 2681 quam
332 2618 367 2660 se
398 2598 563 2680 praeclare
596 2597 813 2681 confirmavit,
848 2596 938 2662 venii
971 2597 1012 2661 ad
1044 2595 1201 2664 Cluuium.

199 2686 301 2760 (luem
329 2683 516 2750 hominem?
543 2685 671 2750 levem?
708 2682 812 2749 Immo
832 2685 1082 2836 pravissimum.
1137 2687 1202 2752 Μο-

197 2772 319 2838 bilem'?
355 2771 460 2838 Immo
484 2772 793 2838 constantissimum.
860 2772 1063 2838 amiliarem?
1100 2773 1202 2841 Immo

198 2861 441 2927 alienissimum
472 2861 567 2926 Hune
582 2865 795 2945 posteaquam
817 2861 981 2944 salulavil,
999 2883 1119 2948 rogare
1137 2885 1203 2929 coe
1214 2880 1234 2921 u

197 2951 248 3035 pic
274 2950 392 3014 blande
419 2953 452 3015 ei
478 2949 632 3015 concinne
659 2948 795 3013 soilicel.
823 2947 977 3013 Mentire
1002 2971 1076 3014 mea
1099 2973 1203 3036 eausa,

197 3038 276 3103 viris
297 3038 443 3123 optimis,
466 3036 532 3101 tuis
554 3036 771 3101 familiaribus
775 3036 1032 3121 ,praesentibus
1055 3037 1108 3105 die
1132 3039 1203 3104 Fle-

198 3126 288 3191 vium
319 3147 392 3191 cum
423 3124 548 3189 Fannio
580 3125 619 3188 de
648 3123 800 3210 Panurgo
833 3124 1001 3209 decidisse,
1034 3126 1091 3210 qui
1122 3128 1261 3192 nilril

198 3215 373 3299 transegil3
396 3213 446 3279 dic
465 3211 522 3276 HS
546 3229 688 3280 occluso
712 3213 847 3296 dedisse,
870 3212 1055 3297 quiessem
1077 3207 1261 3281 nullum

199 3300 307 3364 dedit?
349 3300 433 3376 Quid
457 3301 514 3365 ille
537 3300 727 3385 respondit?
764 3299 852 3386 Ego
875 3322 952 3366 vero
975 3302 1090 3387 cupide
1113 3307 1148 3370 el
1169 3305 1205 3368 li-
1216 3319 1236 3362 ³⁶

199 3386 314 3450 beuter
334 3388 475 3453 mentiar
495 3391 554 3452 ina
576 3409 682 3471 eausa,
705 3391 747 3472 el,
771 3388 800 3454 si
823 3388 951 3473 quando
974 3411 1026 3456 me
1049 3390 1100 3456 vis
1123 3397 1205 3477 peie-

199 3493 286 3554 rare,
311 3476 348 3538 ui
369 3476 538 3558 paululum
561 3479 597 3540 tu
620 3438 801 3560 compendii
822 3475 939 3561 facias,
960 3482 1115 3563 parcium
1136 3479 1205 3548 fore
