2604 3880
425 233 501 288 cAP.
518 239 621 289 10-1a
641 239 656 300 s
675 239 789 290 ιιι-36.
1050 233 1113 300 133

99 377 135 443 in
164 377 364 463 explicandis
391 377 580 443 criminibus
609 399 740 463 operam
768 399 1004 463 consumerem3
1030 400 1115 445 nunc

101 467 256 550 quoniam
283 487 430 553 pugnare
457 470 571 532 contra
599 488 650 532 me
678 465 853 531 instituisti
879 487 946 532 non
974 470 1043 532 tam
1076 489 1116 532 ex

100 558 159 619 tua
171 558 291 620 natura
305 576 403 639 quam
418 576 456 618 ex
469 555 565 620 istius
580 556 726 638 tempore
746 558 779 618 et
798 577 895 620 causa
915 555 1115 639 [malitiose],

99 663 232 708 necesse
260 647 311 707 est
338 643 433 708 istius
461 643 549 708 modi
576 643 697 707 rationi
724 643 834 727 aliquo
862 643 998 708 oonsilio
1027 643 1115 708 obsi-

74 735 197 796 ostere.
244 729 314 796 Tua
340 731 424 795 ratio
453 734 517 816 est,
541 734 579 795 ut
603 730 777 795 secundum
800 730 894 796 binos
917 730 1012 795 ludos
1034 731 1166 797 mihies

101 819 298 904 respondere
320 817 471 903 incipias,
494 841 580 902 mea,
607 822 644 883 ut
667 822 742 883 ante
765 819 889 903 primos
911 818 1005 883 ludos
1029 840 1114 885 com-

69 983 71 989 ,
100 906 319 993 perendinem.
368 906 421 971 Ita
453 907 522 991 fiet,
553 910 590 971 ut
622 910 680 972 tua
709 907 774 970 ista
800 907 885 971 ratio
913 906 1116 971 existimetur

102 999 222 1079 astuta,
245 1017 353 1060 meum
376 995 438 1061 hoc
460 994 632 1060 consilium
654 995 880 1060 necessarium.

169 1082 292 1148 Verum
319 1083 414 1161 illud,
443 1083 529 1167 quod
554 1082 761 1148 institueram
790 1083 908 1166 dicere,
938 1082 1019 1147 mihi
1045 1104 1114 1147 rem
1126 1080 1167 1143 12

62 1191 88 1229 10
101 1176 212 1237 tecum
240 1193 324 1256 esse,
351 1170 447 1235 huius
471 1169 560 1236 modi
582 1174 641 1234 est.
685 1170 758 1256 Ego
782 1193 854 1236 cum
877 1171 961 1236 hanc
984 1192 1115 1236 causam

103 1259 288 1326 Siculorum
315 1263 434 1345 rogatu
461 1257 655 1342 recepissem
681 1259 777 1343 idque
806 1259 888 1324 mihi
915 1260 1059 1342 amplum
1083 1263 1115 1324 et

101 1348 307 1434 praeclarum
331 1347 577 1431 existimassem,
600 1368 655 1411 eos
675 1347 760 1411 velle
779 1369 870 1412 meae
888 1347 963 1411 fidei
981 1347 1115 1433 diligen·

101 1437 232 1520 tiaeque
255 1435 434 1520 periculum
452 1434 567 1519 facere,
590 1435 646 1518 qui
663 1435 867 1501 innocentiae
886 1436 960 1500 abst
946 1435 1115 1501 tinentiae

104 1546 166 1610 que
192 1523 360 1608 fecissent,
332 1527 457 1588 ttum
486 1526 637 1607 suscepto
664 1523 797 1609 negotio
826 1524 930 1588 maius
963 1525 1115 1608 quiddam

61 1629 88 1670 1⁵
102 1612 185 1678 mihi
194 1612 359 1697 proposui,
372 1611 407 1675 in
416 1633 480 1695 quo
490 1633 597 1676 meam
606 1611 641 1675 in
650 1633 719 1676 rein
733 1611 898 1695 publicam
912 1612 1027 1677 volunt
1013 1617 1115 1678 tatem

101 1702 244 1787 populus
266 1700 432 1766 Romanus
455 1699 636 1784 perspicere
658 1703 780 1783 posset.
757 1697 906 1764 tNam
929 1699 1012 1763 illud
1035 1700 1117 1764 mihi
1134 1711 1167 1763 35

102 1810 309 1873 nequaquam
324 1788 457 1888 dignum
471 1787 608 1852 indust
567 1791 632 1851 tna
645 1789 826 1887 conatuque
845 1808 917 1852 meo
935 1787 1067 1851 videbat
1054 1791 1116 1872 tur,

102 1878 205 1942 istum
229 1899 248 1941 a
271 1898 323 1942 me
346 1876 381 1940 in
403 1875 587 1941 iudicium
578 1897 644 1939 ram
668 1875 813 1939 omnium
831 1875 949 1939 iudicio
969 1875 1116 1940 condem·

102 1969 218 2030 natum
245 1963 368 2048 vocari,
393 1963 459 2028 nisi
485 1964 550 2029 ista
576 1963 670 2028 tua
661 1966 710 2027 1nt
695 1963 877 2027 tolerabilis
905 1963 1028 2045 potent
1020 1985 1052 2026 ra
1083 1968 1116 2028 et

63 2071 89 2110 ιο
104 2077 143 2118 ea
170 2051 344 2135 cupiditas,
372 2074 436 2136 qua
463 2074 521 2136 per
548 2051 645 2116 hosce
669 2072 771 2116 annos
794 2051 829 2114 in
852 2051 1045 2135 quibusdam
1066 2051 1115 2115 iu-

104 2141 196 2208 diciis
220 2162 298 2205 usus
321 2161 365 2223 es,
388 2140 487 2204 etiam
510 2140 545 2204 in
563 2139 658 2204 istius
676 2139 817 2204 hominis
838 2139 1000 2224 desperati
1019 2160 1116 2205 causa

102 2231 372 2314 interponeretur.
417 2227 512 2293 Nunc
539 2249 630 2310 vero,
661 2228 814 2312 quoniam
841 2227 921 2292 haec
949 2231 982 2292 te
1010 2228 1115 2294 omnis

3 2353 4 2382 ι
105 2317 284 2383 dominatio
307 2337 507 2401 regnumque
529 2315 721 2380 iudiciorum
743 2320 837 2380 tanto
861 2337 957 2400 opere
977 2317 1116 2382 delectat

104 2408 230 2471 etsunt
244 2403 402 2488 homines,
421 2425 502 2488 quos
520 2403 663 2468 libidinis
682 2403 899 2489 infamiaeque
917 2426 994 2470 suae
1012 2427 1116 2490 neque

64 2509 90 2550 ιι
105 2493 227 2580 pudeat
244 2514 347 2576 neque
370 2491 500 2557 taedeat
486 2492 588 2576 t,qui
607 2492 700 2574 quasi
719 2491 757 2556 de
775 2492 912 2556 indust
871 2496 936 2557 tna
954 2493 989 2557 in
1007 2494 1116 2558 odium

105 2518 381 2664 offensionemque
403 2542 517 2681 populi
539 2579 710 2644 Romani
700 2602 823 2644 irruere
845 2581 977 2646 videant
963 2586 1032 2666 t,ur
1054 2582 1116 2647 hoc

3 2685 4 2770 q
105 2691 157 2735 me
180 2669 336 2755 profiteor
355 2668 532 2752 suscepisse
552 2689 707 2753 magnum
724 2668 865 2734 fortasse
884 2690 965 2734 onus
985 2669 1116 2735 etmihi

104 2757 337 2842 periculosum,
374 2778 487 2820 verum
522 2760 634 2822 tamen
668 2757 860 2843 dignum,
851 2779 886 2821 ιιι
917 2780 981 2842 quo
1005 2779 1115 2822 omnes

3 2839 4 2854 ¹
105 2867 223 2910 nervos
238 2845 355 2910 aetatis
374 2843 616 2928 industriaeque
634 2867 725 2910 meae
744 2846 978 2910 contenderem.
1009 2845 1114 2920 Quon-
1135 2856 1167 2905 aa

65 2952 91 2992 ιο
104 2934 171 2998 iam
208 2936 298 2998 totus
334 2933 413 2997 ordo
450 2954 627 3016 paucorum
663 2933 873 3018 improbitate
910 2936 943 2996 et
983 2933 1117 2998 audacia

104 3021 265 3106 premitur
288 3023 321 3085 et
339 3024 474 3106 urgetur
492 3021 628 3086 infamia
646 3021 845 3104 iudiciorum,
868 3020 1024 3106 profiteor
1041 3019 1116 3085 huic

106 3110 218 3195 generi
240 3108 410 3174 hominurn
433 3130 485 3174 me
507 3109 674 3174 inimicum
698 3113 932 3192 accusatorem,
959 3107 1118 3192 odiosum,

105 3197 286 3282 assiduum,
318 3197 470 3262 acerbum
503 3197 731 3262 adversarium.
789 3195 862 3261 Hoc
897 3195 978 3259 mihi
1014 3218 1116 3279 sumo,

104 3284 167 3351 hoc
194 3285 275 3351 mihi
303 3286 454 3370 deposco,
487 3285 573 3369 quod
600 3307 697 3370 agam
725 3285 760 3349 in
789 3283 998 3370 magistratu,
1031 3284 1117 3369 quod

63 3391 90 3430 ³⁵
105 3395 203 3460 agam
231 3396 270 3438 ex
297 3395 335 3438 eo
363 3373 450 3458 loco,
478 3395 517 3438 ex
545 3396 608 3458 quo
636 3395 686 3438 me
714 3374 854 3458 populus
881 3372 1047 3438 Romanus
1079 3395 1118 3438 ex

103 3462 176 3527 Kal.
195 3460 323 3527 Ianuar.
341 3483 451 3527 secum
474 3482 571 3548 agere
595 3462 633 3525 de
656 3483 690 3526 re
713 3461 844 3547 publiea
867 3483 904 3526 ac
923 3460 961 3526 de
979 3461 1117 3528 homini·

104 3551 164 3616 bus
194 3549 353 3637 improbis
376 3550 494 3636 voluit3
522 3550 584 3615 hoc
607 3572 723 3614 munus
748 3549 925 3615 aedilitatis
948 3572 1039 3616 meae
1062 3574 1117 3636 po-
