2622 3884
482 967 529 1042 Μ.
555 967 697 1041 TULLI
725 965 973 1042 CICERONIS

245 1130 483 1218 serioris
515 1133 572 1216 rr
606 1132 648 1218 e.
677 1133 897 1219 vanans
930 1131 1216 1219 suessona

547 1299 680 1366 aranu
703 1298 905 1385 ouranos,

425 1436 488 1503 QUI
505 1436 738 1493 INSORIBITUR
755 1437 804 1494 DE
824 1437 1030 1497 SUPPLICHS.

672 1586 779 1594 ——-—

524 1705 929 1772 ARGUMENTUM.

291 1826 395 1893 Quinto
417 1828 473 1882 hoo
496 1826 682 1882 accusationis
700 1827 773 1881 libro
791 1827 828 1882 Μ.
845 1825 954 1895 Cicero,
979 1829 1055 1895 quod
1073 1845 1156 1883 reum
1174 1829 1229 1899 opi-

219 1899 303 1954 nione
325 1899 367 1954 rei
388 1897 519 1953 militaris
543 1901 654 1954 strenue
677 1897 891 1953 administratae
912 1897 1025 1952 defendi
1043 1901 1073 1954 et
1092 1915 1229 1955 commen-

220 1968 282 2024 dari
307 1970 447 2025 iudicibus
474 1968 601 2038 ridebat,
629 1985 701 2038 quae
729 1969 766 2023 ad
790 1985 853 2022 eam
878 1985 938 2023 rem
961 1971 1103 2040 spectant,
1133 1987 1168 2026 ea
1192 1971 1230 2025 its

219 2040 404 2111 persequitur,
422 2042 525 2096 utnon
542 2041 627 2095 modo
645 2039 837 2094 laudationem
856 2054 967 2095 onmem
985 2041 1085 2095 tollere
1105 2043 1229 2108 conetur,

219 2128 317 2167 verum
330 2129 365 2167 ex
377 2112 432 2166 hoe
445 2111 507 2182 ipso
521 2112 583 2167 loeo
602 2109 770 2182 gravissime
787 2111 818 2164 in
827 2110 942 2166 Verrem
961 2110 1078 2166 mimine
1097 2113 1229 2183 colligere

221 2183 340 2238 studeat.
372 2180 445 2237 Dein
462 2184 554 2237 totam
572 2198 687 2237 eausam
704 2184 824 2250 perorat.

183 2351 200 2476 ξ
287 2377 419 2443 Nemini
449 2379 543 2445 video
575 2379 709 2444 dubium
741 2400 825 2462 esse,
860 2378 995 2462 iudices,
1029 2379 1109 2464 quin
1141 2402 1229 2464 aper·

219 2467 346 2531 tissime
375 2465 409 2531 O.
428 2467 548 2532 Verres
575 2468 610 2531 in
633 2467 745 2534 Sicilia
772 2488 864 2532 saera
890 2467 1093 2552 profanaque
1121 2470 1229 2533 omnia

221 2558 254 2620 et
281 2555 436 2640 privatim
463 2559 497 2619 et
523 2555 653 2640 publice
681 2555 832 2640 spoliarit
855 2559 1068 2640 versatusque
1092 2557 1137 2621 sit
1160 2557 1229 2622 sine

220 2644 288 2708 ulla
308 2665 376 2708 non
398 2643 494 2708 modo
517 2644 689 2730 religione,
712 2665 823 2709 verum
847 2644 946 2708 etiam
970 2643 1229 2711 dissimulatione

219 2733 255 2797 in
269 2732 358 2798 omni
372 2753 489 2818 genere
507 2732 636 2796 iurandi
654 2736 752 2817 atque
770 2731 956 2816 praedandi.
988 2729 1051 2798 Sed
1070 2734 1251 2819 quaedams

220 2821 302 2886 mihi
328 2821 503 2907 magnifica
528 2824 561 2884 et
583 2821 751 2905 praeclara
774 2821 842 2884 eius
865 2820 1009 2886 defensio
1033 2821 1229 2906 ostenditur3

220 2910 272 2976 eui
300 2931 395 2994 quem
424 2909 465 2974 ad
490 2909 622 2974 modum
645 2909 810 2992 resistam,
837 2908 942 2974 multo
966 2909 1047 2974 mihi
1070 2914 1147 2975 ante
1171 2915 1229 2994 est,

220 2998 354 3082 iudices,
386 2996 631 3083 providendum.
676 2996 729 3061 Ite
761 2996 847 3062 enim
879 3019 978 3063 eausa
1009 2998 1229 3082 constituitur,

219 3087 420 3170 provinciam
440 3083 584 3151 Siciliam
602 3085 724 3150 virtute
747 3085 843 3150 istius
868 3089 901 3149 et
923 3085 1098 3172 vigilantia
1121 3088 1228 3174 singu·

221 3173 283 3238 lari
320 3175 425 3238 dubiis
461 3173 746 3257 formidolosisque
783 3172 985 3258 temporibus
1023 3197 1043 3238 a
1077 3173 1227 3262 fugitivis
1240 3200 1259 3239 ro
1294 3237 1295 3262 χ

185 3265 319 3345 ratque
347 3284 367 3326 a
397 3262 478 3326 belli
508 3262 660 3346 perieulis
692 3265 799 3326 tutam
829 3283 899 3327 esse
927 3266 1099 3328 servatam.
1146 3264 1229 3342 Quid
1294 3267 1295 3344 l

220 3370 331 3496 ῗςαω,
358 3349 501 3414 iudices?
534 3371 598 3433 quo
622 3349 837 3501 aoeugationis
860 3372 951 3451 meae
974 3351 1135 3453 rationem
1158 3375 1228 3418 oon·
1294 3353 1295 3434 l

222 3438 1227 3612 qtttsttsttttttttltltttttttttlttt
