2622 3884
325 199 393 254 LIB.
412 200 453 255 ΠΙ
480 200 558 256 OAP.
579 206 685 258 86-88
704 207 720 268 5
740 208 888 258 199-204.
1055 203 1120 269 353

103 342 167 409 hoc
195 366 315 409 munus
343 348 377 410 et
403 345 465 410 hoc
491 346 634 432 vectigal
663 347 768 412 aratio
795 348 950 432 tolerare,
980 347 1043 414 hoe
1070 352 1121 413 est

105 430 220 498 Sicilia
253 433 340 498 ferre
371 454 409 498 ac
439 434 511 517 pati
542 439 666 520 potest,
702 436 824 521 populo
856 436 1003 502 Romano
1035 437 1121 503 ferat

104 521 217 605 potius
246 543 345 606 quam
371 522 494 586 nostris
517 524 776 609 magistratibus.
816 523 938 609 Magna
961 530 1012 591 est
1035 526 1121 590 enim

104 610 254 694 pecunia,
277 631 433 696 magnum
451 613 719 697 praeclarumque
742 613 892 699 vectigal,
915 613 1063 680 simodo
1087 614 1121 678 id

78 699 200 763 ⁵salva
233 699 415 784 provincia,
449 699 479 763 si
511 700 579 765 sine
611 701 730 766 iniuria
762 702 923 767 sociorum
955 703 1120 787 percipere

104 808 291 871 possumus.
340 785 433 852 Nihil
466 787 601 854 detraho
633 791 896 876 magistratibus,
928 791 1121 856 tantundem

106 874 203 940 detur
232 874 267 939 in
294 875 424 960 cellam,
455 881 614 960 quantum
642 901 770 964 semper
797 879 910 942 datum
938 881 1000 962 est,
1035 879 1121 963 quod

104 967 279 1048 praeterea
296 962 416 1029 Verres
443 964 597 1050 imperat,
624 966 670 1051 id,
698 967 727 1030 si
753 966 859 1031 facere
884 987 950 1030 non
972 970 1120 1050 possunt,

104 1056 271 1136 recusent3
304 1052 333 1116 si
361 1058 512 1137 possunt,
543 1055 657 1138 populi
684 1054 825 1120 Romani
850 1054 960 1138 potius
987 1055 1050 1119 hoc
1076 1054 1121 1119 sit

64 1157 91 1196 1⁰
104 1141 251 1226 vectigal
279 1162 377 1224 quam
399 1141 521 1225 praeda
542 1143 713 1226 praetoris.
757 1142 881 1207 Deinde
904 1164 960 1207 cur
980 1143 1016 1207 in
1036 1164 1102 1207 uno
1121 1156 1174 1207 202

105 1249 227 1314 genere
255 1230 326 1296 solo
349 1229 505 1295 frumenti
527 1230 592 1296 ista
615 1231 810 1296 aestumatio
834 1231 1064 1315 const‘tuatur,
1092 1231 1122 1295 si

105 1322 158 1383 est
187 1339 292 1401 aequa
314 1317 524 1384 atterenda?
564 1319 671 1384 Debet
693 1320 814 1405 populo
838 1319 986 1385 Romano
1010 1317 1122 1386 Sicilia

106 1406 276 1490 decumas,
308 1406 363 1471 det
393 1429 453 1491 pro
486 1407 625 1493 singulis
656 1408 773 1474 modiis
803 1408 906 1474 tritici
932 1413 1043 1474 ternos
1070 1409 1121 1474 de·

104 1494 231 1578 uarios,
254 1495 318 1560 sibi
335 1495 457 1560 habeat
473 1494 682 1561 frumentum.
718 1496 805 1562 Data
824 1496 886 1561 tibi
908 1500 958 1562 est
976 1497 1121 1582 pecunia,

66 1599 92 1640 15
105 1581 244 1668 Verres,
270 1605 348 1668 una,
376 1606 441 1667 qua
466 1584 667 1650 frumentum
693 1585 756 1650 tibi
784 1607 906 1650 emeres
933 1586 970 1650 in
994 1587 1121 1669 cellam,

108 1673 229 1756 altera,
265 1694 329 1757 qua
359 1672 560 1738 frumentum
592 1695 715 1738 emeres
748 1695 768 1738 a
799 1673 1002 1758 civitatibus,
1035 1674 1121 1758 quod

106 1760 251 1825 Romam
269 1761 425 1826 mitteres.
466 1760 540 1826 libi
563 1761 673 1827 datam
696 1762 866 1847 pecuniam
889 1761 977 1826 domi
999 1762 1121 1826 retines

108 1853 143 1914 et
161 1853 332 1934 praeterea
349 1849 519 1933 pecuniam
537 1872 751 1936 permagnam
769 1855 826 1916 tuo
845 1849 975 1915 nomine
998 1850 1121 1934 aufers,

106 1938 162 2002 fac
180 1938 267 2003 idem
285 1937 320 2002 in
338 1959 376 2003 eo
393 1937 568 2024 frumento,
592 1939 678 2022 quod
698 1939 739 2004 ad
761 1939 919 2024 populum
937 1937 1122 2003 Romanum

66 2044 93 2084 ro
107 2026 266 2112 pertinet;
294 2026 386 2112 exige
414 2026 525 2092 eadem
553 2027 788 2092 aestumatiene
811 2026 981 2113 pecuniam
1005 2049 1025 2092 a
1047 2026 1122 2091 civi·

108 2115 235 2180 tatibus
266 2119 299 2180 et
330 2114 428 2199 refer,
462 2137 560 2199 quam
589 2115 755 2200 accepisti,
786 2116 853 2180 iam
879 2114 1031 2180 refertius
1059 2114 1122 2180 erit

109 2203 273 2270 aerarium
299 2203 414 2288 populi
440 2202 593 2288 Romani,
621 2227 719 2289 quam
746 2226 902 2288 umquam
929 2203 999 2269 fuit.
1046 2202 1104 2268 ‘Ae
1123 2215 1176 2266 203

110 2291 197 2356 enim
213 2291 314 2356 istam
331 2313 401 2356 rem
418 2291 453 2355 in
470 2292 601 2376 publico
620 2293 784 2357 frumento
800 2291 911 2357 Sicilia
928 2314 994 2357 non
1012 2292 1122 2377 ferret,

109 2381 195 2446 hanc
213 2401 284 2445 rem
303 2379 338 2444 in
361 2401 433 2445 meo
459 2379 624 2445 frumento
648 2379 746 2446 tulit?
786 2380 925 2446 Proinde
949 2382 1042 2466 quasi
1066 2385 1123 2448 aut

67 2488 95 2529 ²⁵
109 2468 252 2622 stt
274 2468 701 2622 {ltltdtllttd
723 2473 797 2622 tl
822 2469 983 2624 {limati
1008 2471 1123 2624 tlt

111 2668 211 2730 quam
231 2648 269 2708 tu
290 2643 409 2727 fecisti,
432 2644 518 2710 inter
541 2666 575 2710 se
598 2579 722 2731 genbrli
737 2579 887 2731 iniuiage,
909 2610 1123 2733 non'megnis

110 2733 224 2798 tudine
247 2733 401 2816 pecuniae
424 2733 560 2800 differat.

177 2820 302 2887 Verum
320 2821 419 2887 istam
441 2821 548 2906 ipsam
571 2822 688 2888 cellam
710 2821 794 2888 ferre
816 2825 908 2889 nullo
932 2822 1028 2887 modo
1050 2843 1123 2905 pos-

70 2929 97 2970 eo
112 2915 202 2993 sunt3
234 2913 272 2973 ut
303 2910 412 2974 omnia
438 2909 662 2996 remittantur,
693 2914 731 2976 ut
759 2912 908 2976 omnibus
936 2909 1062 2974 iniuriis
1090 2913 1124 2974 et

111 2997 368 3082 calamitatibus,
391 3020 470 3082 quas
494 3002 528 3063 te
550 3003 700 3083 praetore
722 3000 877 3083 tulerunt,
899 2998 934 3062 in
956 3001 1124 3082 posterum

111 3088 300 3170 liberentur,
317 3086 418 3151 istam
433 3087 598 3153 sacellam
617 3091 715 3172 atque
733 3087 832 3152 istam
851 3085 1121 3151 aestumationem

111 3180 235 3262 negant
256 3176 324 3241 ullo
343 3176 440 3241 modo
458 3175 543 3240 ferre
565 3197 670 3260 posse.
710 3174 816 3239 Multa
835 3173 991 3258 Sosippus
1010 3172 1106 3260 Agri·
1124 3143 1177 3270 2ῗῖ

112 3264 266 3352 gentinus
295 3263 381 3349 apud
404 3261 461 3330 On.
479 3263 670 3350 Pompeium
693 3262 859 3328 consulem
881 3283 997 3347 nuper,
1023 3262 1122 3328 homo

70 3371 96 3413 as
111 3353 346 3419 disertissimus
379 3358 412 3418 et
444 3351 532 3418 omni
566 3351 714 3418 doctrina
746 3355 843 3435 atque
874 3350 997 3416 virtute
1029 3373 1124 3416 orna-

111 3442 269 3527 tissimus,
287 3464 347 3527 pro
361 3446 434 3507 tota
448 3439 558 3506 Sicilia
576 3441 615 3504 de
634 3442 801 3505 aratorum
820 3439 960 3505 miseriis
980 3440 1124 3527 graviter

111 3534 145 3596 et
176 3529 308 3616 copiose
340 3529 458 3595 dixisse
491 3550 528 3594 ac
554 3528 746 3611 deplorasse
777 3527 907 3610 dieitur3
939 3550 979 3593 ex
1006 3527 1123 3613 quibus

164 3643 298 3686 e1c.11.1.
875 3635 908 3684 23
