2564 3876
332 875 378 953 M.
406 875 549 950 TULLI
577 875 825 952 CICERONIS

100 1037 193 1124 PRO
226 1035 344 1126 SEX.
377 1039 565 1129 Roscio
599 1041 836 1127 nuuuluo
869 1041 1073 1129 ORATIO.

400 1350 765 1419 ARGUMENTUM.

146 1468 212 1525 Gnm
232 1471 298 1528 Sex.
318 1470 449 1541 Roscius,
472 1472 617 1542 municeps
635 1470 783 1526 Amerinus
803 1489 837 1528 ex
854 1471 981 1542 Umbria,
1002 1474 1088 1529 homo

87 1539 153 1596 hves
173 1543 203 1597 et
226 1542 405 1613 splendidus,
431 1543 512 1598 finita
534 1543 591 1596 iam
614 1544 819 1612 proscriptione
843 1543 959 1599 Sullana
981 1543 1088 1600 Itomae

86 1613 181 1668 occisus
208 1616 300 1682 esset,
328 1630 431 1668 nomen
459 1613 519 1668 eius
546 1615 576 1668 in
598 1614 710 1669 tabulas
733 1615 838 1684 proscri
860 1615 946 1670 tionis
967 1615 1089 1669 relatum

86 1684 132 1752 est,
161 1685 236 1740 hona
270 1684 431 1752 venierunt,
463 1684 552 1738 filium
580 1685 642 1739 Sex.
670 1684 803 1740 Roscium
855 1687 912 1739 rn'
935 1702 948 1740 s
975 1685 1090 1754 quidam

85 1753 241 1810 subornatus
262 1771 281 1808 a
298 1754 330 1809 Ia.
349 1754 543 1826 Chrysogono,
563 1755 658 1810 Sullae
677 1755 792 1824 liberto,
816 1756 900 1824 quib
920 1773 957 1809 na
975 1758 1089 1837 emerat,

86 1825 110 1876 et
129 1824 196 1881 'litis
218 1826 332 1881 Rosciis
351 1825 486 1896 Capitone
509 1828 539 1880 et
560 1825 664 1895 Magno
687 1826 841 1895 Amerinis,
864 1825 986 1880 inimicis
1004 1826 1091 1881 Rosor

86 1895 167 1966 occisi,
185 1897 235 1966 qui
253 1897 377 1966 praedas
395 1895 547 1967 participes
566 1898 653 1965 erant,
671 1895 816 1966 parricidii
834 1896 986 1952 accusavit.
1018 1897 1090 1951 Eum

86 1964 183 2037 Cicero,
210 1970 262 2038 qui
285 1970 345 2022 tum
373 1984 478 2022 annum
504 1967 672 2038 vigesimum
697 1969 848 2050 septimum
871 1968 988 2038 agebat,
1013 1969 1090 2038 apud

85 2034 116 2089 Μ.
132 2037 271 2093 Fannium
289 2041 461 2108 praetorem,
484 2039 532 2107 qui
549 2039 708 2107 quaestioni
725 2042 799 2094 mter
816 2039 933 2094 sicarios
951 2041 1090 2109 praeerat,

84 2105 130 2162 hac
147 2109 277 2164 oratione
295 2109 337 2163 ita
354 2109 491 2180 defendit,
509 2112 543 2164 ut
561 2109 667 2164 crimen
684 2110 713 2163 in
732 2109 945 2180 Chrysogonum
963 2112 993 2165 et
1010 2109 1089 2165 Titos

85 2176 190 2235 Roscios
207 2179 338 2236 reiceret.
376 2179 467 2234 Causa
484 2183 549 2234 acta
567 2182 611 2234 est
628 2179 659 2234 L.
679 2177 807 2236 Cornelio
826 2179 906 2235 Sulla
923 2181 949 2236 ΙΙ
968 2179 1088 2236 Caecilio

85 2247 190 2305 Metello
208 2250 262 2306 Pio
283 2265 362 2320 coss,
381 2250 412 2306 L.
428 2251 508 2306 Sulla
527 2251 673 2319 dictatore,
693 2267 767 2306 anno
785 2269 811 2306 u.
827 2269 850 2306 c.
866 2257 926 2320 674,
944 2269 969 2306 a.
985 2251 1047 2309 Chr.
1061 2271 1089 2308 u.

85 2324 121 2376 80.
149 2321 232 2378 Hanc
249 2319 373 2394 primam
390 2321 421 2378 in
439 2319 545 2376 iudicio
563 2321 678 2392 publico
697 2323 853 2378 orationem
868 2321 964 2380 Oicero
980 2323 1088 2378 habuit.

142 2569 248 2640 credo
267 2594 328 2659 ego
346 2593 416 2656 vos,
437 2569 568 2655 iudices,
591 2571 713 2654 mirari,
736 2571 813 2656 quid
831 2572 883 2655 sit,
903 2573 997 2657 qnod,
1016 2595 1090 2638 cum
1110 2545 1125 2671 ἒ

84 2661 130 2724 at
148 2661 270 2726 summi
283 2665 430 2728 oratores
442 2661 654 2744 hominesque
667 2661 864 2726 nobilissimi
872 2663 1014 2745 sedeant,
1028 2683 1089 2748 ego

84 2747 285 2831 potissimum
299 2748 502 2834 surrexerim,
525 2749 581 2833 qui
593 2771 698 2833 neque
712 2753 819 2814 aetate
841 2771 945 2834 neque
958 2749 1090 2835 ingenio

84 2856 179 2921 neque
198 2837 394 2905 auctoritate
405 2837 467 2903 sim
476 2860 550 2903 cum
559 2837 621 2921 his,
635 2837 691 2922 qui
701 2837 843 2921 sedeant,
857 2837 1090 2923 conparandas.

64 2923 197 2992 cOmnes
221 2926 266 3010 hi,
288 2948 369 3012 quos
392 2926 510 2993 videtis
534 2926 655 3010 adesse,
677 2925 712 2991 in
734 2927 796 2992 hac
818 2948 916 2992 causa
938 2924 1091 2990 iniuriam

84 3032 161 3080 noro
190 3016 311 3082 scelere
338 3015 512 3080 conflatam
539 3018 657 3100 putant
685 3020 835 3100 oportere
867 3013 1008 3094 defendi,
1040 3013 1091 3076 de·

84 3099 208 3170 ferdere
225 3101 291 3189 ipsi
309 3107 444 3189 propter
462 3103 670 3188 iniquitatem
683 3109 867 3189 temporum
881 3124 947 3167 non
962 3101 1090 3166 audent.

85 3186 132 3254 Itu
151 3192 204 3276 fit,
226 3195 263 3257 ut
286 3191 395 3258 adsint
417 3197 605 3277 propterea,
628 3192 715 3277 quod
737 3191 879 3256 officium
903 3193 1091 3274 sequuntur,

84 3279 209 3345 taceant
236 3284 347 3346 antem
372 3280 506 3364 idcirco,
537 3281 614 3365 quia
640 3280 821 3366 periculum
847 3278 962 3343 vitant.
1008 3276 1126 3353 uuida

52 3379 74 3420 1⁰
85 3369 180 3453 ergo?
211 3369 444 3435 audacissimus
475 3391 537 3455 ego
565 3392 605 3434 ex
632 3367 800 3434 omnibus?
845 3365 988 3432 Minime.
1037 3367 1092 3431 An

85 3455 174 3522 huto
192 3456 367 3524 officiosior
386 3479 484 3541 quam
503 3457 623 3524 ceteri?
659 3455 710 3522 Ne
733 3454 828 3521 istius
842 3454 972 3538 quidem
986 3453 1091 3519 laudis

133 3565 230 3614 oron
245 3572 265 3612 u
858 3562 875 3608 s
