2622 3884
326 199 395 256 IdB.
414 197 455 255 Ill
487 199 565 256 CAP.
583 207 689 258 47-49
708 207 723 268 ξ
744 208 891 258 lla-116.
1048 202 1115 267 315

97 346 211 412 fructu
246 350 344 430 atque
376 365 416 410 ex
448 366 555 411 annuo
587 346 701 411 labore
732 346 1006 431 relinquerentur,
1042 350 1113 413 tum

98 439 248 500 meteres
274 432 492 518 Centuripini,
519 433 576 518 qui
602 456 756 500 numerus
783 435 818 500 iu
845 457 926 522 agro
952 434 1113 502 Leontino

98 523 263 588 maximus
287 526 351 606 est,
377 544 477 587 unum
500 522 665 588 inlocum
689 527 921 607 convenerunt,
948 524 1114 590 hominem

100 633 179 678 suae
191 610 335 677 civitatis
349 611 384 675 in
397 610 511 695 primis
525 610 699 677 honestum
712 632 750 677 sc
763 613 917 696 nobilem,
926 611 1113 678 Andronem

72 699 364 784 sCenturipinum,
390 699 544 785 legarunt
571 699 613 763 ad
634 698 831 785 Apronium,
858 701 993 766 eundem
1017 723 1114 786 quem

98 789 163 854 hoc
181 792 329 873 tempore
349 786 390 852 ad
410 787 472 853 hoc
494 786 648 852 iudicium
671 788 817 874 legatum
841 792 874 854 et
896 792 1015 854 testem
1034 789 1114 856 Oen-

98 876 247 962 turipina
274 876 389 941 civitas
417 875 521 960 misit,
547 878 585 940 ut
612 875 640 940 is
668 876 754 961 apud
782 899 855 942 eum
883 898 1015 942 causam
1042 899 1113 942 era·

99 970 212 1030 torum
231 968 344 1050 ageret
363 964 404 1028 ab
423 985 525 1047 eoque
547 966 682 1049 peteret,
705 968 742 1029 ut
765 964 806 1030 ab
831 965 1016 1031 aratoribus
1034 963 1113 1029 Oen·

99 1052 256 1138 turipinis
287 1074 328 1117 ne
361 1052 501 1135 amplius
532 1051 569 1116 in
593 1050 708 1138 iugera
736 1051 866 1139 singula
894 1075 992 1137 quam
1018 1056 1112 1118 terna

60 1170 86 1210 n
100 1141 265 1207 medimna
290 1140 442 1226 exigeret.
486 1138 559 1205 Hoc
589 1140 645 1204 vix
675 1140 716 1205 eb
740 1140 886 1226 Apronio
909 1141 944 1206 in
967 1162 1093 1206 summo
1114 1152 1164 1200 115

100 1229 258 1296 beneficio
277 1249 337 1315 pro
357 1228 407 1314 iis,
431 1228 487 1312 qui
510 1227 610 1293 etiam
632 1231 703 1293 tum
725 1229 903 1295 incolumes
927 1233 1029 1312 erent,
1051 1229 1112 1294 im-

100 1321 268 1403 petratum
300 1320 359 1382 est.
412 1315 451 1381 Id
482 1338 555 1382 cum
586 1317 837 1402 impetrabatur,
869 1318 931 1384 hoc
962 1318 1112 1384 videlicet

100 1405 351 1492 imponebatur,
372 1408 410 1470 ut
428 1426 488 1491 pro
508 1404 647 1491 singulis
667 1405 809 1472 decumis
827 1409 938 1473 ternas
961 1406 1112 1472 decumas

102 1495 179 1560 dare
197 1494 319 1560 liceret.
356 1492 478 1570 Quodsi
496 1496 555 1558 tua
572 1514 624 1558 res
642 1515 710 1558 non
728 1499 887 1580 ageretur,
911 1498 982 1561 ate
1002 1496 1112 1581 potius

62 1611 87 1652 n
102 1583 323 1669 postularent,
358 1603 400 1646 ne
437 1581 576 1666 amplius
612 1603 710 1665 quam
743 1583 902 1670 singulas,
941 1605 1038 1668 quem
1070 1585 1112 1649 eb

102 1671 263 1756 Apronio,
294 1672 332 1734 ut
363 1691 405 1734 ne
435 1669 509 1753 plus
543 1691 639 1754 quem
672 1674 782 1736 ternas
811 1671 961 1737 decumas
990 1672 1112 1736 darent.

102 1759 206 1844 Nunc,
224 1762 263 1823 ut
277 1758 341 1823 hoc
359 1762 504 1842 tempore
524 1779 572 1842 ea,
591 1780 673 1842 quae
691 1760 780 1845 regie
800 1781 857 1824 seu
874 1759 984 1844 potius
1003 1764 1113 1843 tyran-

102 1848 172 1914 nice
187 1847 305 1912 statuit
323 1846 358 1910 in
376 1849 522 1912 aratores
537 1845 711 1931 Apronius,
729 1849 990 1932 praetermittam
1008 1869 1113 1932 neque

103 1958 156 2003 eos
186 1935 361 2021 appellem,
391 1934 554 2019 aquibus
582 1955 677 2000 omne
702 1935 903 2002 frumentum
931 1935 1051 2020 eripuit
1079 1938 1113 2000 et

63 2053 89 2094 eo
105 2025 221 2111 quibus
253 2023 337 2088 nihil
362 2044 430 2089 non
456 2023 553 2088 modo
581 2023 620 2087 de
646 2023 767 2108 fructu,
800 2024 856 2088 sed
882 2045 924 2090 ne
952 2023 990 2088 de
1017 2023 1112 2089 bonis

103 2114 234 2199 quidem
261 2111 328 2176 suis
356 2110 473 2196 reliqui
499 2110 591 2196 fecit,
621 2132 660 2175 ex
685 2112 775 2179 hisce
801 2113 903 2178 ternis
931 2112 1112 2195 medimnis,

104 2201 190 2287 quod
215 2200 364 2265 beneficii
392 2199 580 2286 gratiaeque
608 2220 706 2265 ceusa
730 2202 902 2286 concessit,
931 2201 1008 2285 quid
1030 2201 1113 2266 lucri

103 2292 175 2375 fiet,
198 2289 393 2375 cognoscite.

168 2377 333 2444 Professio
352 2380 403 2442 est
418 2376 491 2464 agri
507 2374 658 2441 Leontini
677 2379 718 2444 ed
735 2379 885 2464 iugerum
903 2385 991 2464 ffm
1013 2379 1094 2446 haec

66 2493 91 2536 aa
105 2470 180 2533 sunt
200 2465 241 2532 ad
258 2465 360 2530 tritici
382 2465 581 2530 medimnum
594 2466 649 2550 ic,
671 2467 706 2533 id
728 2471 779 2532 est
801 2468 886 2532 mod.
899 2470 1037 2552 effi,
1061 2468 1112 2533 de-

104 2554 208 2621 ductis
235 2554 339 2619 tritici
365 2554 449 2620 mod.
467 2555 587 2636 ceffi,
615 2556 729 2638 quanti
757 2556 908 2621 decumae
933 2557 1112 2640 venierunt,

103 2645 229 2728 reliqua
260 2646 337 2708 sunt
366 2643 470 2708 tritici
502 2643 674 2711 ὄῶῖῑῐιι.
710 2643 801 2708 Adde
833 2646 934 2711 totius
967 2666 1112 2711 summae

103 2749 229 2798 nxxxx
255 2730 383 2796 milium
410 2732 494 2797 mod.
518 2737 585 2798 tres
615 2733 913 2819 quinquagesimam
944 2734 984 2798 fit
1010 2732 1112 2798 tritici

103 2822 187 2888 mod.
209 2821 399 2887 ῑῑῑῐῖοοοο
427 2818 483 2904 (ab
514 2819 663 2888 omnibus
691 2821 778 2886 enim
804 2825 916 2888 ternae
942 2824 1112 2909 praeterea

66 2937 91 2978 eo
104 2909 391 2996 quinquagesimae
407 2907 650 2999 exigebantur);
669 2913 745 2976 sunt
761 2910 843 2976 haec
861 2911 928 2976 iam
947 2910 988 2977 ad
1002 2911 1112 2977 d‘cd‘ffi

104 2998 188 3065 mod.
206 2999 317 3064 tritici.
362 2998 409 3063 At
436 3018 497 3083 ego
523 3001 614 3066 cem
641 2999 723 3065 lucri
749 2998 838 3065 facte
861 3019 930 3063 esse
954 2998 1112 3083 dixeram3

103 3087 273 3153 nonenim
294 3087 375 3152 duco
398 3085 434 3150 in
455 3086 517 3153 hac
539 3088 666 3153 ratione
689 3109 758 3171 eos,
781 3087 897 3170 quibus
920 3086 1022 3151 ternis
1046 3109 1111 3152 me·

104 3176 222 3241 dimnis
240 3197 307 3242 non
329 3178 379 3240 est
402 3173 529 3240 licitum
553 3175 705 3242 decidere.
742 3175 873 3258 Verum,
896 3178 933 3239 ut
955 3175 1016 3241 hac
1039 3175 1111 3260 ipsa

104 3265 231 3330 ratione
255 3286 415 3331 summam
438 3263 503 3329 mei
525 3264 678 3350 promissi
701 3263 894 3347 compleam,
917 3263 959 3328 ad
982 3263 1111 3349 singula

66 3379 91 3421 es
104 3352 266 3418 medimna
293 3352 390 3419 multi
416 3351 473 3416 HS
499 3353 609 3438 binos,
635 3351 732 3417 multi
753 3348 809 3415 HS
838 3349 984 3437 singulos
1013 3353 1111 3418 semis

104 3441 294 3506 accessionis
322 3439 525 3526 cogebantur
554 3441 642 3524 dare,
670 3439 726 3523 qui
753 3438 936 3526 minimum,
964 3441 1111 3527 singulos

104 3551 262 3594 nummos.
301 3528 473 3594 Minimum
500 3531 537 3593 ut
566 3549 750 3613 sequamur,
778 3528 931 3612 quoniam
956 3533 1002 3595 'rid
1029 3529 1110 3594 med.
