2564 3876
416 199 494 254 ΟΑΡ.
515 205 583 256 6-9
601 205 617 265 ξ
634 206 748 256 27-33.
1018 249 1020 256 .
1067 202 1088 265 9

90 341 156 409 Non
176 343 351 410 recusabat
373 343 557 429 Quinctius,
581 345 659 429 quin
681 344 729 408 its
751 344 833 409 setis
856 343 932 409 dere
954 343 1090 429 iuberet,

90 432 218 497 sibonc
243 453 401 518 possessa
428 436 537 498 essent
563 455 603 498 ex
629 432 743 498 edicto.
793 432 946 498 Decernit
976 428 1090 517 (quem

89 541 228 605 aequum,
254 521 344 586 nihil
368 521 454 605 dico,
480 543 580 586 unum
602 520 665 586 hoc
688 521 772 586 dico:
802 542 937 604 novum,
969 524 1003 585 et
1029 520 1091 586 hoc

88 608 184 692 ipsum
204 609 350 675 tacuisse
373 609 522 693 mollem,
544 609 697 694 quonism
720 611 892 693 utrumque
916 608 1021 693 quivis
1044 608 1091 673 in·

67 695 230 783 stellegere
262 695 406 783 potnit),
429 698 485 762 sed
504 697 595 762 iubet
616 694 652 762 P.
675 696 861 772 Quinctium
883 696 1091 782 sponsionem

89 806 152 850 cum
184 782 255 850 Sex
285 783 416 851 Naevio
447 785 566 851 facere:
598 802 630 852 s1
661 802 757 850 noun
786 802 851 850 sun
882 803 931 849 nx
952 801 1090 852 nmouo

88 890 282 939 nnuunmm
291 890 490 940 munolus
504 890 586 939 mus
600 893 673 938 xxx
685 889 854 939 Possnssn
866 889 939 939 non
953 889 1091 938 nssnuu.

87 960 292 1046 llecussbent,
317 963 377 1047 qui
399 962 533 1027 ederent
555 965 625 1027 tum
640 960 801 1045 Quinctio,
824 961 1092 1025 demonstrabant

88 1049 120 1113 dc
139 1071 172 1114 re
192 1050 355 1116 iudicium
376 1050 448 1114 fieri
470 1054 629 1136 oportere,
651 1053 689 1114 ut
712 1052 769 1114 sut
791 1051 926 1133 uterque
949 1048 1035 1112 inter
1057 1069 1092 1113 se

60 1141 138 1202 nent
156 1142 272 1204 neuter
295 1138 381 1204 setis
404 1138 509 1222 duret3
530 1160 598 1203 non
618 1159 749 1203 necesse
772 1158 843 1201 esse
865 1135 988 1200 fumum
1011 1136 1093 1202 elte-

87 1225 146 1290 rius
161 1228 197 1291 in
212 1227 375 1293 iudicium
392 1226 510 1292 venire.
539 1225 713 1292 Clamabat
725 1247 824 1310 porro
837 1224 909 1310 ipse
923 1223 1091 1301 Quinctius
1110 1244 1142 1294 ol

88 1334 148 1379 sese
173 1314 295 1381 idcirco
324 1315 415 1380 nolle
444 1314 525 1379 sctis
553 1314 643 1399 dare,
673 1335 714 1378 ne
741 1313 906 1379 videretur
931 1311 1091 1378 iudicasse

88 1401 163 1468 bone
189 1425 250 1468 sue
277 1424 321 1468 ex
349 1403 452 1468 edicto
480 1423 632 1487 possesse
653 1423 737 1486 csse3
764 1401 971 1487 sponsionem
993 1423 1092 1486 porro

88 1489 112 1555 si
137 1491 231 1556 istius
264 1491 359 1556 modi
389 1490 525 1575 feceret,
552 1512 600 1574 se,
623 1489 657 1554 id
680 1489 766 1574 quod
792 1510 877 1554 nunc
905 1489 1026 1574 evenit,
1054 1488 1092 1553 de

60 1601 79 1639 n
89 1579 184 1663 capite
197 1601 258 1645 suo
272 1579 386 1664 priore
399 1579 472 1644 loco
487 1600 618 1644 causam
633 1599 703 1642 esse
717 1577 887 1643 dicturum.
918 1577 1093 1642 Dolabella

89 1662 188 1752 (quem
211 1668 254 1734 ed
282 1667 419 1732 modum
445 1669 553 1732 solent
579 1665 980 1749 hominesnobiles310u
1006 1668 1093 1730 recte

89 1776 138 1820 sen
149 1777 325 1842 perperam
339 1754 445 1820 fecere
459 1758 643 1839 coeperunt,
660 1755 709 1819 its
721 1754 756 1818 in
769 1756 912 1837 utroque
925 1752 1095 1835 excellunt,

89 1847 121 1906 ut
142 1865 237 1910 nemo
265 1846 383 1909 nostro
409 1844 481 1908 loco
508 1846 605 1908 nutus
636 1842 765 1927 assequi
796 1837 916 1926 possit)
942 1839 1092 1904 iniurium

90 1931 184 1998 lucere
205 1931 391 1998 fortissime
412 1934 612 2016 perseverst3
636 1935 693 1996 eut
715 1929 796 1995 setis
819 1929 895 1993 dere
919 1930 977 1992 eut
999 1949 1094 2012 spon-

60 2019 205 2087 usionem
226 2021 322 2086 iubet
344 2019 460 2103 fecere,
482 2023 516 2084 et
536 2019 663 2085 interea
684 2021 870 2084 recusantes
893 2019 1024 2080 nostros
1043 2015 1095 2080 ad·

91 2112 215 2176 vocatos
239 2108 397 2175 acerrime
420 2107 613 2173 submoveri
1076 2133 1082 2144 ·

148 2195 374 2263 Conturbstus
392 2217 471 2261 sene
489 2195 625 2261 discedit
642 2193 825 2277 Quinctium
842 2214 947 2277 neque
968 2191 1095 2276 mirum,
1114 2249 1147 2298 32

90 2284 137 2350 cui
151 2285 232 2352 hoec
256 2285 349 2372 optio
371 2288 442 2349 tam
463 2284 583 2348 misere
604 2287 738 2366 tumque
760 2281 872 2366 inique
895 2281 1035 2366 deretur,
1057 2285 1095 2345 ut

91 2376 142 2438 eut
165 2375 238 2459 ipse
267 2395 302 2438 se
331 2372 447 2457 cepitis
475 2371 658 2456 damnaret,
689 2370 717 2435 si
744 2370 825 2434 satis
853 2369 1007 2454 dedisset,
1039 2372 1096 2434 cut

60 2479 216 2528 *causum
239 2462 368 2547 cupitis,
390 2461 420 2525 si
441 2461 650 2544 sponsionem
671 2458 811 2542 fecisset,
834 2456 941 2542 priore
959 2457 1031 2523 loco
1050 2457 1097 2522 ‹li-

91 2554 180 2615 ceret.
215 2549 301 2618 Cum
318 2550 353 2614 in
372 2550 477 2614 ultera
493 2570 528 2614 re
546 2569 663 2614 causeo
685 2546 768 2612 nihil
791 2549 885 2630 esset,
908 2545 988 2630 quin
1005 2567 1096 2611 secus

91 2635 243 2704 indiceret
270 2638 341 2723 ipse
363 2637 403 2702 de
426 2659 475 2721 se,
502 2636 587 2721 quod
609 2635 762 2700 iudicium
786 2633 1014 2721 gravissimum
1038 2636 1097 2718 est,

92 2723 124 2788 in
148 2727 253 2793 ultera
281 2747 355 2812 spes
383 2728 469 2790 esset
496 2724 537 2791 ed
564 2725 666 2789 talem
694 2727 805 2788 tamen
831 2722 937 2786 virum
959 2721 1096 2786 iudicem

92 2814 245 2900 veniendi,
266 2814 352 2880 unde
375 2835 412 2878 eo
435 2814 509 2899 plus
533 2813 604 2898 opis
628 2811 778 2894 auferret,
802 2832 865 2894 quo
888 2810 995 2874 minus
1015 2811 1097 2873 sttu-

62 2899 180 2968 ³⁰lisset
203 2903 344 2990 gratioe,
366 2901 574 2987 sponsionem
596 2900 702 2966 fucere
726 2898 855 2982 maluit3
877 2897 969 2979 fecit3
996 2898 1029 2959 te
1052 2895 1098 2959 iu-

95 2987 204 3075 dicem,
233 2989 267 3057 Ο.
289 2990 416 3076 Aquili,
448 2989 601 3074 sumpsit,
633 3009 673 3052 ex
700 3008 819 3072 sponso
848 2985 924 3071 egit.
969 2981 1009 3046 In
1036 2982 1099 3047 hoc

96 3097 216 3145 summu
237 3078 348 3144 iudicii
370 3099 531 3162 causaque
553 3079 626 3142 tots
648 3075 806 3142 consistit.

175 3166 334 3233 Indicium
352 3188 432 3250 esse,
450 3164 484 3231 O.
498 3164 620 3250 Aquili,
637 3185 704 3229 non
722 3165 760 3227 de
779 3183 813 3227 re
829 3157 1024 3246 pecuniario,
1043 3158 1098 3223 sed
1117 3179 1151 3229 3³

96 3252 131 3318 de
154 3254 244 3321 famu
271 3254 476 3339 fortunisque
498 3252 534 3318 P.
557 3251 688 3329 Quincti
710 3250 809 3316 vides.
854 3246 937 3314 (lum
960 3245 1098 3311 maiores

64 3354 86 3396 ³⁶
96 3339 140 3406 iu
152 3343 388 3427 constituerint,
405 3346 452 3424 ut,
469 3341 526 3426 qui
538 3363 598 3426 pro
613 3339 720 3424 capite
735 3338 863 3421 diceret,
877 3335 905 3400 is
919 3334 1100 3420 posteriore

96 3426 163 3496 loco
190 3432 322 3517 diceret,
352 3452 413 3497 nos
439 3429 587 3495 inaudita
619 3425 843 3493 criminatione
876 3425 1099 3488 accusatorum

98 3516 198 3600 priore
220 3519 291 3586 loco
314 3541 446 3586 causam
469 3517 574 3583 dicere
596 3512 771 3598 intellegis.
816 3511 883 3576 Eos
906 3530 1020 3595 porro,
1044 3510 1099 3594 qui
