2604 3880
393 189 461 243 ΜΒ.
481 191 493 244 1
527 187 601 244 cAP.
622 195 725 245 rc-ar
745 195 760 256 a
780 195 892 244 rr-rc.
1084 189 1148 254 169

137 337 286 416 liberum,
311 355 392 420 quos
412 338 449 399 tu
472 334 608 400 miseros
630 334 665 399 in
689 337 835 420 egestate
859 336 956 418 atque
979 335 1014 397 in
1037 333 1148 399 solitu-

138 425 211 489 dine
239 423 416 508 reliquisti,
448 423 594 488 misereri
621 427 740 506 potest.
786 421 948 488 Verresne
974 422 1037 486 tibi
1063 423 1149 488 tanti

136 513 208 598 fuit,
232 517 269 577 ut
288 513 355 577 eius
375 512 544 576 libidinem
562 511 731 577 hominum
749 511 970 576 innocentium
991 511 1148 597 sanguine

137 602 185 666 lui
211 601 337 666 velles?
382 599 548 666 Idcircone
577 600 751 665 exercitum
779 603 877 684 atquc
899 600 1028 664 hostem
1051 600 1149 664 relin-

110 690 271 774 equebas,
293 693 332 754 ut
349 693 407 754 tua
425 689 459 754 vi
478 692 512 752 et
531 689 723 754 crudelitate
745 687 841 753 istius
864 688 1006 754 hominis
1029 688 1148 773 impro-

138 778 267 843 bissimi
300 779 445 863 pericula
478 777 688 843 sublevares?
739 775 831 851 Quod
863 777 949 842 enim
981 799 1054 842 eum
1086 777 1149 841 tibi

139 866 322 951 quaestoris
351 865 386 930 in
413 868 485 931 loco
514 866 743 949 constitueras,
773 865 891 931 idcirco
919 865 982 931 tibi
1009 865 1148 930 amicum

137 955 172 1019 in
200 957 392 1039 perpetuum
414 954 485 1018 fore
508 955 655 1039 putasti?
678 953 845 1019 nesciebas
869 955 911 1019 ab
935 976 972 1019 eo
997 953 1053 1019 On
1073 953 1148 1019 Oar-

138 1043 257 1107 boncm
283 1042 463 1126 consulem,
491 1043 582 1108 cuius
604 1065 640 1108 re
662 1065 740 1107 vera
763 1046 917 1126 quaestor
938 1042 1060 1126 fuerat,
1082 1064 1149 1107 non

98 1149 125 1189 10
139 1131 236 1195 modo
257 1131 416 1215 relictum,
439 1131 496 1195 sed
519 1131 618 1196 etiam
641 1131 818 1216 spoliatum
842 1131 981 1215 auxiliiS,
1004 1131 1148 1216 pecunia,

137 1219 261 1284 nefarie
294 1223 517 1305 oppugnatum
551 1225 584 1284 et
614 1220 802 1304 proditum?
851 1220 1014 1304 Expertus
1046 1219 1148 1306 igitur

138 1329 173 1372 es
191 1307 288 1373 istius
306 1309 475 1393 perfidiam
493 1312 573 1392 tum,
597 1308 757 1393 cumipse
779 1330 814 1373 se
837 1309 877 1372 ad
900 1308 1050 1373 inimicos
1072 1312 1147 1372 tuos

138 1397 287 1481 contulit,
305 1419 378 1462 cum
396 1397 432 1460 in
449 1400 483 1461 te
501 1397 600 1461 homo
618 1397 688 1481 ipsc
706 1418 825 1462 nocens
845 1397 1037 1462 acerrimum
1056 1396 1147 1460 testi-

139 1485 283 1550 monium
303 1485 393 1568 dixit,
416 1507 489 1550 cum
507 1485 651 1550 rationes
670 1485 712 1550 ad
731 1485 892 1550 aerarium
909 1485 975 1550 nisi
993 1486 1147 1550 damnato

99 1593 124 1632 1⁵
138 1577 171 1639 te
194 1573 315 1638 referre
337 1573 452 1639 noluit.

204 1663 369 1727 Tantaene
392 1665 478 1746 tuac,
500 1660 629 1744 Verres,
657 1661 807 1726 libidines
831 1664 935 1744 erunt,
958 1664 997 1726 ut
1019 1683 1074 1726 eas
1098 1683 1147 1726 ea·

137 1773 213 1836 pere
236 1771 274 1816 ac
297 1750 457 1815 sustinere
479 1771 546 1815 non
568 1750 752 1835 provinciae
775 1749 889 1834 populi
911 1749 1060 1833 Romani,
1081 1770 1148 1814 non

61 1917 62 1920 Ἴ
136 1839 286 1904 nationes
319 1843 448 1903 exterae
479 1839 628 1922 possint?
667 1841 745 1903 tune
777 1839 863 1923 quod
894 1837 1028 1919 videris,
1062 1838 1154 1920 quod-

138 1928 292 2011 audieris,
316 1926 403 2012 quod
426 1927 640 2012 concupieris,
663 1927 749 2011 quod
772 1925 941 2012 cogitaris,
963 1925 1029 1990 nisi
1050 1925 1084 1990 id
1107 1925 1149 1988 ad

98 2019 254 2080 canutum
282 2018 376 2082 tuum
399 2019 530 2099 praesto
553 2015 666 2100 fuerit,
693 2014 758 2079 nisi
780 2014 908 2079 libidini
930 2017 1006 2079 tuae
1029 2013 1148 2097 cupidi·

1 2113 2 2116 ’
73 2114 74 2118 ’
138 2105 265 2188 tatique
283 2105 438 2188 paruerit,
456 2104 677 2169 immittentur
693 2103 851 2187 homines,
875 2103 1148 2188 expugnabuntur

139 2192 267 2276 domus,
290 2193 440 2258 civitates
460 2214 526 2258 non
550 2193 645 2257 modo
669 2196 817 2276 pacatae,
841 2191 1076 2256 verumetiam
1100 2211 1148 2254 so·

139 2281 263 2346 ciorum
291 2284 388 2365 atque
416 2281 594 2346 amicorum
623 2281 663 2344 ad
686 2281 753 2345 vim
776 2284 874 2365 atque
898 2280 940 2344 ad
962 2302 1054 2344 arma
1077 2301 1149 2344 con·

137 2369 279 2456 fugient,
306 2374 344 2434 nt
372 2370 413 2434 ab
438 2391 473 2434 se
496 2373 594 2452 atque
617 2369 659 2434 ab
683 2369 795 2434 liberis
819 2369 886 2434 suis
910 2369 1013 2454 legati
1035 2367 1149 2452 populi

98 2476 124 2518 aa
138 2457 279 2523 Romani
297 2459 402 2523 scelus
421 2479 459 2524 ac
477 2457 646 2522 libidinem
663 2457 856 2540 propulsare
875 2456 1025 2542 possint?
1062 2456 1149 2520 Nam

139 2568 259 2630 quaero
274 2547 333 2611 abs
352 2550 400 2630 te,
417 2546 689 2613 circumsessusne
707 2546 752 2610 sis
766 2544 947 2630 Lampsaci,
965 2545 1149 2631 coeperitne

139 2635 279 2718 domum,
301 2635 336 2699 in
358 2656 422 2719 qua
445 2635 667 2718 deversabare,
688 2634 749 2699 illa
772 2634 948 2699 multitudo
970 2633 1149 2716 incendere,

137 2723 342 2789 voluerintne
363 2724 510 2808 legatum
533 2723 647 2808 populi
664 2723 805 2788 Romani
827 2723 1015 2788 comburere
1038 2722 1148 2786 vivum

137 2812 360 2896 Lampsaceni.
396 2811 527 2898 Negare
545 2833 612 2877 non
633 2815 741 2896 potes,
764 2812 870 2876 babeo
894 2811 981 2876 enim
1003 2809 1149 2874 testimo-

98 2918 123 2958 ³0
137 2901 228 2965 nium
257 2900 450 2986 [publicum]
478 2905 585 2982 tuum,
614 2901 699 2984 quod
726 2900 812 2986 apud
838 2898 1003 2964 Neronem
1030 2897 1149 2982 dixisti,

137 2989 257 3073 habco,
281 3011 362 3074 quas
386 2989 427 3055 ad
450 2989 585 3054 eundem
608 2988 738 3055 litteras
762 2987 890 3053 misisti.
925 2985 1041 3051 Recita
1063 2985 1149 3050 bunc
1169 2999 1201 3047 ⁷9

24 3154 28 3168 ,
137 3078 245 3163 ipsum
264 3078 371 3143 locum
395 3078 434 3142 de
457 3077 654 3143 testimonio.
695 3078 944 3143 Taurinorum
966 3072 1000 3140 (l.
1015 3073 1148 3139 Valerus

137 3185 175 3231 ru
198 3169 474 3232 Anruumonuu.
519 3165 601 3232 Non
623 3183 742 3232 nunno
770 3181 856 3230 ross
884 3183 921 3228 rr
943 3179 1071 3228 norrun
1100 3199 1149 3228 -.

137 3253 310 3332 Bellumne
338 3255 460 3340 populo
483 3254 632 3320 Romano
656 3254 876 3338 Lampsacena
903 3251 1018 3318 civitas
1043 3250 1149 3317 facere

97 3357 124 3402 εὑ
138 3343 340 3409 conabatur?
364 3343 499 3409 deficere
518 3343 559 3408 ab
583 3343 720 3428 imperio
744 3363 781 3408 ac
802 3341 934 3408 nominc
956 3343 1070 3405 nostro
1094 3361 1150 3404 vo-

137 3432 249 3497 lebat?
294 3430 399 3498 Video
432 3431 518 3496 enim
550 3435 584 3495 et
615 3453 654 3496 ex
680 3431 735 3514 iis,
767 3452 849 3515 quae
876 3429 944 3516 legi
972 3431 1006 3493 et
1033 3428 1150 3512 audivi,

136 3521 309 3608 intellego,
340 3520 376 3584 in
408 3541 473 3604 qua
504 3519 636 3586 civitate
663 3542 730 3585 non
756 3520 852 3584 modo
881 3519 1010 3605 legatus
1036 3517 1150 3603 populi

1158 1635 1199 1697 31

1168 1711 1200 1760 us
