2524 3876
317 161 319 165 ⁷
403 199 479 259 one.
500 209 604 258 10-13
623 209 637 270 ς
657 209 761 259 eo-ee
1051 205 1095 270 43

79 347 113 412 Is
147 370 221 414 oum
249 351 408 433 curasset,
439 347 474 412 in
500 347 612 413 funere
640 346 675 414 C.
702 347 786 414 Mari
812 354 850 414 ut
877 348 913 424 Q.
941 347 1097 415 Scaevola

78 436 323 518 vulneraretur,
352 436 402 501 vir
426 436 649 501 sanctissimus
672 441 770 520 atque
793 438 1018 504 ornatissimus
1041 459 1097 503 no·

79 529 172 589 strae
196 524 355 608 civitatis,
379 524 417 588 de
441 524 530 590 cuius
553 526 647 590 laude
669 546 773 609 neque
796 525 850 592 hio
872 528 962 592 locus
986 529 1097 591 estut

78 614 188 677 multa
208 612 357 678 dieantur
373 633 478 697 neque
496 613 592 715 plura
614 617 730 715 temen,
744 612 806 679 diei
829 618 976 700 possunt,
998 637 1097 699 quarn

47 700 422 874 uttttdtttt
451 722 611 874 iiiiii
636 700 1097 874 {iimittdoeivddldil

79 878 176 942 abeo
194 881 413 961 quaereretur,
436 877 513 961 quid
531 877 663 943 tandem
682 881 891 944 accusaturus
910 883 997 944 esset
1015 901 1097 964 eum,

79 987 263 1119 titt?
285 965 812 1120 ditiilalaiindl‘iiinliidei
825 967 1097 1121 tttuttttt

38 1167 65 1206 10
80 1077 304 1227 respondissd
322 1103 419 1226 ‘quod
435 1164 501 1208 non
515 1145 621 1208 totum
636 1105 742 1208 telum,
753 1164 887 1228 corpore
901 1105 1097 1227 recepisset’l

80 1229 152 1305 Quo
176 1230 318 1315 populus
341 1230 507 1296 Romanus
529 1231 613 1295 nihil
635 1231 718 1296 vidit
740 1231 905 1317 indignius
927 1231 992 1296 nisi
1015 1231 1097 1296 eius-

79 1319 155 1384 dem
186 1318 250 1384 viri
281 1321 435 1403 mortem,
471 1341 554 1403 quae
590 1322 718 1384 tantum
755 1321 877 1405 potuit,
913 1323 950 1385 ut
985 1341 1097 1384 omnes

78 1408 168 1473 cives
199 1406 377 1492 perdiderit
404 1410 438 1471 et
465 1407 639 1492 adflixerit3
670 1429 751 1492 quos
780 1409 856 1492 quia
883 1429 1012 1473 seruere
1038 1430 1098 1493 per

80 1495 341 1580 conpositionem
372 1495 518 1579 volebat,
549 1495 619 1580 ipse
653 1496 694 1561 ab
725 1496 766 1560 iis
794 1497 1008 1581 interemptus
1037 1500 1096 1561 est.

39 1609 67 1646 15
80 1584 186 1648 Estne
214 1583 276 1648 hoc
303 1583 354 1647 illi
384 1582 469 1649 dioto
503 1588 599 1668 atque
630 1584 718 1649 facto
747 1583 936 1650 Fimbriano
970 1585 1097 1649 similli-
1116 1603 1150 1655 34

81 1671 196 1737 mum?
242 1671 413 1737 Accusatis
437 1670 508 1736 Sex.
531 1671 693 1738 Roscium.
736 1671 820 1749 Quid
842 1673 912 1738 ita?
953 1671 1036 1748 Quia
1060 1673 1098 1737 de

81 1760 235 1825 manibus
253 1759 373 1825 vestris
393 1760 516 1846 effugit,
540 1761 616 1844 quia
635 1782 669 1826 se
688 1761 789 1827 occidi
811 1782 927 1845 pessus
950 1782 1017 1825 non
1039 1765 1098 1824 est.

78 1847 184 1932 lllud,
212 1847 288 1931 quia
314 1847 349 1911 in
372 1845 529 1914 Scaevola
554 1848 677 1914 facturn
706 1853 771 1932 est,
798 1849 904 1934 magis
927 1847 1098 1933 indignum

81 1937 220 2019 videtur,
239 1935 310 2020 hoe,
329 1936 406 2019 quia
423 1937 462 2000 fit
476 1959 496 2000 a
510 1934 732 2023 Chrysogono,
749 1959 828 2001 num
843 1941 893 2001 est
906 1935 1098 2000 ferendum?

36 2051 65 2090 20
81 2024 172 2090 Nam
189 2045 248 2109 per
266 2024 342 2089 deos
361 2024 577 2089 immortales!
597 2025 674 2108 quid
693 2025 795 2089 estin
813 2025 875 2090 hae
893 2046 991 2090 eausa
1013 2023 1098 2108 quod

82 2112 281 2178 defensionis
308 2111 475 2198 indigeat?
504 2112 560 2196 qui
587 2113 677 2178 locus
705 2112 873 2197 ingenium
894 2112 1026 2198 patroni
1049 2133 1099 2176 re-

81 2201 188 2286 quirit
207 2204 263 2264 aut
277 2201 418 2265 oratoris
433 2201 653 2284 eloquentiam
667 2222 787 2286 megno
803 2222 900 2285 opere
915 2200 1098 2265 desiderat?

81 2289 204 2355 Totam
227 2309 371 2372 causam,
393 2288 524 2373 iudices,
548 2289 743 2372 explicemus
768 2291 865 2372 atque
888 2292 963 2353 ante
987 2289 1098 2354 oeulos

82 2377 267 2463 expositam
291 2376 543 2461 consideremus3
565 2377 614 2441 ita
631 2376 797 2460 facillime,
820 2397 973 2459 quaeres
992 2380 1099 2442 totum

40 2492 67 2532 25
82 2466 241 2531 iudicium
272 2464 451 2549 contineat,
488 2469 520 2530 et
553 2464 669 2549 quibus
703 2465 741 2528 de
772 2464 869 2529 rebus
900 2486 961 2530 nos
994 2465 1099 2530 dicere

82 2555 245 2640 oporteat,
269 2556 303 2617 et
325 2553 403 2636 quid
424 2574 483 2618 vos
506 2553 597 2637 sequi
620 2553 806 2636 conveniat,
827 2552 1038 2640 intellegetis.

152 2641 232 2706 Tres
265 2644 342 2706 sunt
371 2663 435 2727 res,
468 2645 626 2726 quantum
655 2661 715 2728 ego
744 2641 929 2706 existimare
956 2621 1150 2748 possum,13}

83 2751 168 2816 quae
199 2730 330 2795 obstent
361 2729 423 2795 hoo
454 2733 601 2814 tempore
630 2727 701 2794 Sex.
728 2729 860 2814 Roscio,
894 2730 1015 2795 crimen
1047 2728 1100 2794 ad·

82 2818 305 2884 versariorum
338 2821 371 2882 et
404 2818 537 2883 audacie
569 2821 602 2882 et
634 2818 792 2902 potentia.
840 2816 994 2884 Criminis
1027 2838 1100 2881 con-

40 2907 250 2974 relictionem
279 2909 447 2972 accusator
468 2907 606 2972 Erucius
631 2907 785 2992 suscepit,
814 2906 966 2971 audaciae
989 2907 1099 2989 partes

81 2994 195 3061 Roscii
221 2993 285 3060 sibi
312 2999 542 3079 poposcerunt,
575 2993 807 3082 Chrysogonus
838 2998 960 3078 autem,
991 2992 1100 3076 isqui
1161 2995 1166 3002 ’

82 3083 262 3170 plurimum
286 3086 404 3168 potest,
426 3083 576 3168 potentia
589 3087 732 3170 pugnat.
768 3083 818 3148 De
840 3081 929 3148 hisce
948 3080 1099 3146 omnibus

82 3173 182 3237 rebus
205 3193 257 3236 me
281 3171 385 3237 dicere
409 3175 558 3257 oportere
581 3171 748 3258 intellego.
794 3169 878 3245 Quid
900 3170 1002 3256 igitur
1025 3167 1097 3234 est?
1111 3188 1145 3238 36

82 3259 161 3326 Non
188 3258 301 3324 eodem
329 3259 424 3325 modo
455 3260 493 3324 de
517 3260 681 3342 omnibus,
707 3260 779 3324 ideo
803 3257 889 3343 quod
911 3257 1018 3344 prima
1040 3257 1100 3322 illa

41 3375 68 3416 es
83 3369 137 3414 res
165 3347 207 3413 ad
234 3370 343 3412 meum
372 3347 514 3414 officium
537 3348 693 3432 pertinet,
721 3349 800 3412 duas
824 3350 933 3412 autem
956 3345 1099 3430 reliques

85 3436 179 3503 vobis
202 3437 344 3524 populus
368 3435 532 3502 Romanus
556 3437 725 3522 imposuit3
749 3456 809 3520 ego
828 3434 950 3500 crimen
968 3438 1100 3519 oportet

85 3525 221 3612 diluam,
252 3547 311 3591 vos
345 3528 378 3590 et
407 3524 558 3590 audaciae
586 3524 737 3589 resistere
765 3528 799 3588 et
825 3523 995 3590 hominum
1028 3524 1097 3589 eius
