2622 3884
180 189 245 254 314
469 187 515 246 ,ΙΝ
534 186 563 242 G.
582 185 737 243 VERREM
754 185 835 242 ACT.
854 185 887 243 Π.

179 355 245 400 non
264 355 357 400 suum
379 332 548 418 negotium
572 333 734 419 gessisse?
774 329 825 397 Ea
848 334 898 396 ast
921 331 1007 396 enim
1030 330 1117 397 ratio
1143 331 1196 396 de·

180 443 399 506 cumanorum,
417 425 455 486 ut
469 420 537 485 sine
551 420 702 506 plurimis
716 420 837 485 litteris
854 420 969 486 confici
986 442 1053 485 non
1071 420 1195 504 possit,

180 510 310 596 singula
340 510 426 575 enim
452 509 586 575 nomina
613 512 779 575 aratorum
803 512 932 573 etcum
956 508 1095 594 singulis
1118 531 1195 594 pac-

180 598 286 664 tiones
311 598 561 665 decumanorum
583 597 639 663 litt
625 597 704 662 teris
724 597 879 750 persequi
901 600 934 662 et
957 597 1114 662 conficere
1137 618 1194 662 ne-

180 708 269 752 cesse
283 690 342 752 est.
378 686 497 773 Iugera
509 685 648 772 professi
663 689 739 750 sunt
758 707 869 751 omnes
888 685 1062 750 aratores
1052 685 1221 768 rmperioa

181 779 279 858 atque
296 775 450 841 instituto
468 778 540 860 tu03
560 796 627 839 non
644 774 761 859 opinor
780 795 976 858 quamquam
994 772 1101 839 minus
1121 795 1216 838 esse

179 864 377 948 professum,
409 885 508 948 quam
536 865 693 946 quantum
720 865 859 946 orasset,
891 884 965 927 cnm
992 865 1044 927 tot
1070 883 1194 946 cruces,

179 955 232 1017 tot
259 952 431 1037 supplicia,
457 954 510 1016 tot
537 973 575 1015 ex
603 951 736 1016 cohorte
763 913 1005 1035 recuperatores
1032 972 1194 1035 propone-

180 1043 301 1106 rentur.
345 1041 386 1105 In
412 1040 526 1125 iugero
549 1037 702 1104 Leontini
729 1039 801 1124 agri
823 1038 1021 1103 medimnum
1042 1038 1111 1115 fere
1135 1038 1194 1102 tri·

180 1128 239 1193 tici
272 1129 391 1194 seritur
422 1131 578 1212 perpetua
611 1131 708 1212 atquc
741 1127 903 1211 aequabili
935 1127 1075 1212 satione;
1112 1148 1194 1212 ager
1208 1149 1234 1188 ro

180 1216 281 1281 efficit
306 1239 379 1282 cum
402 1220 531 1299 octavo,
558 1216 640 1280 bene
662 1219 700 1281 ut
723 1219 854 1301 agatur3
880 1237 993 1281 verum
1016 1218 1054 1280 ut
1077 1236 1193 1281 omnes

181 1305 214 1368 di
246 1304 412 1388 adiuvent,
443 1326 516 1370 cum
543 1303 686 1370 decumo.
731 1302 824 1379 Quod
851 1304 880 1369 si
907 1303 1035 1388 quando
1064 1304 1192 1388 accidit,

180 1395 252 1458 tum
269 1393 317 1478 fit,
340 1396 377 1458 ut
395 1395 523 1457 tantum
544 1392 695 1458 decumae
718 1392 772 1477 sit,
794 1395 952 1476 quantum
976 1392 1106 1476 severis,
1129 1392 1194 1458 boe

181 1484 232 1546 est
258 1483 309 1565 ut,
337 1484 417 1566 quot
443 1481 558 1566 iugera
586 1481 652 1546 sint
677 1485 763 1566 sata,
789 1480 927 1545 totidem
951 1480 1114 1545 medimna
1138 1480 1203 1557 de,

129 1579 180 1630 113
200 1590 312 1634 cumae
336 1569 474 1634 debeant
459 1572 522 1634 t.ur
562 1569 635 1635 Hoc
660 1591 732 1635 cum
755 1570 803 1634 ita
826 1572 920 1653 esset,
942 1569 1085 1670 primum
1107 1568 1192 1634 illud
1206 1589 1231 1631 rs

182 1656 266 1742 dico,
299 1658 447 1759 pluribus
481 1657 612 1723 milibus
647 1657 845 1722 medimnum
878 1657 1006 1723 venisse
1038 1658 1191 1722 decumas

180 1745 254 1898 cupri
275 1745 390 1812 Leont
366 1746 441 1831 tmi,
468 1768 564 1830 qnam
593 1749 672 1830 quot
699 1746 823 1810 milia
812 1767 961 1831 rugarum
984 1749 1058 1812 sata
1081 1749 1191 1811 essent

180 1855 322 1920 magro
346 1834 514 1900 Leontino.
556 1832 678 1936 Quodsi
703 1835 775 1900 fieri
797 1854 863 1899 non
883 1855 926 1919 po
928 1837 1028 1919 t,erat
1054 1837 1093 1898 ut
1114 1834 1190 1918 plus

144 1959 146 1964 ,
181 1944 279 2006 quam
306 1943 331 1987 x
363 1923 527 1989 medimna
558 1944 597 1986 ex
628 1923 742 2008 iugero
775 1926 959 2006 exararent,
990 1922 1191 1988 medimnum

180 2015 283 2078 αιιιιιιι
303 2033 342 2076 ex
364 2012 477 2099 iugero
501 2011 677 2076 decumano
702 2011 772 2076 dari
795 2011 981 2096 oportebat,
1004 2033 1077 2076 cum
1101 2031 1231 2096 ager,ao

180 2097 214 2163 id
237 2099 322 2183 quod
345 2121 479 2185 perraro
503 2099 623 2183 evenit,
647 2122 719 2165 cum
743 2100 875 2165 decumo
899 2099 1081 2184 extulisset,
1106 2121 1190 2183 quae

181 2191 251 2252 erat
269 2187 355 2253 ratio
379 2188 573 2272 decumanis,
597 2150 756 2271 siquidem
779 2188 931 2253 decumae
954 2210 992 2254 ao
1013 2209 1079 2252 non
1102 2188 1191 2252 bona

180 2273 335 2340 venibant
367 2280 548 2360 aratorum,
578 2280 616 2341 ut
643 2277 791 2378 pluribus
820 2276 989 2361 aliquanto
953 2275 1189 2340 tmedimnis

181 2361 330 2428 decumas
349 2367 501 2447 emerent,
525 2385 622 2448 quam
640 2365 753 2451 iugera
773 2368 867 2429 erant
890 2368 942 2429 sat
927 2364 985 2430 ta?
1025 2363 1065 2428 In
1086 2363 1189 2429 Leon-

180 2449 249 2516 tino
281 2451 430 2537 iugerum
463 2451 658 2538 subscriptio
691 2475 729 2518 ac
755 2453 914 2537 professio
941 2474 1008 2517 non
1035 2455 1085 2516 est
1112 2453 1188 2538 plus
1202 2471 1228 2513 ιι

127 2540 254 2609 48
179 2559 267 2623 xxx,
294 2540 587 2606 decumae*
472 2560 583 2606 xxxvl
613 2541 811 2606 medimnum
837 2541 1015 2607 venierunt.
1054 2537 1190 2606 Erravit

180 2632 237 2695 aut
258 2628 367 2713 potius
385 2629 540 2696 insanivit
559 2629 746 2715 Apronius?
786 2630 980 2694 Immotum
1002 2629 1189 2712 insanisset,

180 2717 210 2782 si
232 2717 416 2783 aratoribus
438 2717 481 2803 id,
504 2717 590 2802 quod
612 2718 776 2801 deberent,
752 2717 924 2783 tlicitum
948 2720 1034 2782 esset
1056 2720 1090 2782 et
1112 2738 1189 2800 non,

182 2806 269 2890 quod
290 2805 456 2891 Apronius
478 2806 685 2891 imperasset,
708 2827 837 2872 necesse
859 2805 976 2871 fuisset
999 2806 1084 2871 dare.

129 2905 180 2954 114
249 2891 284 2959 si
320 2895 455 2960 ostendo
492 2895 599 2960 minus
631 2894 737 2958 tribus
769 2893 940 2958 medimnis
971 2893 1006 2959 in
1037 2895 1189 2980 iugerum
1202 2914 1229 2956 ao

179 2983 341 3048 neminem
365 2983 489 3048 dedisse
513 2983 678 3066 decumae,
705 2982 871 3066 concedes,
900 2983 1027 3068 opinor,
1053 2986 1091 3047 ut
1115 3005 1189 3048 cum

181 3070 313 3136 decumo
327 3071 452 3137 fructus
467 3071 623 3139 arationis
637 3075 808 3156 perceptus
828 3071 880 3154 sit,
897 3071 1061 3136 neminem
1079 3070 1188 3136 minus

179 3159 285 3224 tribus
313 3159 454 3225 decumis
482 3160 615 3225 dedisse.
657 3157 766 3242 Atque
792 3159 855 3226 hoc
881 3159 917 3224 in
942 3159 1090 3224 beneficii
1115 3159 1188 3224 loco

178 3247 317 3330 petitum
346 3248 464 3313 catab
483 3248 644 3332 AproniO,
670 3247 769 3312 utin
795 3247 909 3332 iugera
932 3247 1099 3334 singulat
1084 3248 1188 3312 ctrnis

179 3334 350 3399 medimnis
378 3336 522 3401 decidere
549 3336 670 3401 liceret.
647 3334 803 3400 Ntam
830 3357 903 3400 cum
932 3335 1087 3401 amultis
1112 3358 1189 3421 qua·
1202 3351 1227 3395 ιι

179 3423 286 3503 terna,
323 3422 420 3488 etiam
453 3425 552 3507 quina
585 3424 750 3508 exigerent
750 3445 803 3505 ur,
835 3423 929 3488 mult
905 3427 948 3488 tis
981 3427 1091 3489 autam
1122 3445 1190 3490 non

179 3507 275 3571 modo
295 3527 432 3592 granum
450 3511 586 3596 nullum,
610 3511 724 3576 sedne
744 3473 859 3597 paieae
882 3512 1012 3599 quidem
1036 3534 1076 3576 ex
1099 3513 1191 3578 omni
