2590 3884
352 143 451 200 1111
487 143 565 200 cnr.
585 151 853 212 11-11111-11.
972 107 974 111 ’
1051 144 1113 210 159

96 288 351 372 11111111111111,
366 311 448 374 quae
463 289 556 376 signa
571 289 716 354 sustulit!
732 311 815 375 quae
829 288 967 376 cognovi
985 292 1115 374 egomet

100 379 187 464 apud
209 378 314 442 istum
337 378 373 442 in
396 377 528 443 aedibus
551 399 667 462 nuper,
694 400 766 444 cum
790 376 984 464 obsignandi
1008 377 1115 462 gratia

100 467 273 532 venissem.
321 465 410 542 Quae
438 466 532 552 signa
557 487 655 550 nune,
683 465 815 551 Verres,
847 466 904 532 ubi
931 466 1029 530 sunt?
1056 465 1115 530 illa
1133 484 1167 534 51

102 576 238 638 quaero,
267 575 351 638 quae
378 554 464 639 apud
490 557 523 620 te
550 576 653 639 nuper
676 555 718 619 ed
740 577 850 620 omnes
874 554 1054 638 columnas,
1081 554 1116 618 ire

75 643 256 709 comnibus
288 643 389 708 etiarn
420 641 689 727 intercolumniis,
720 642 756 708 in
788 643 871 708 silva
894 641 1030 726 denique
1054 641 1116 706 dis-

102 731 213 816 posita
243 731 305 796 sub
333 729 407 796 divo
434 730 583 795 vidimus.
632 729 698 796 Our
724 753 776 815 ea,
808 753 905 815 quam
934 729 989 795 diu
1016 729 1115 794 alium

103 823 290 904 praetorem
318 840 391 884 cum
417 818 458 883 iis
485 818 659 902 iudicibus,
691 839 772 903 quos
794 817 835 882 'in
860 818 978 882 horum
1009 817 1115 882 locum

104 907 305 972 subsortitus
333 927 435 991 esses,
464 907 502 971 de
529 911 562 971 te
589 906 625 970 in
646 907 817 971 consilium
839 906 962 970 iturum
982 905 1116 989 putasti,

103 998 174 1061 tarn
189 995 246 1060 diu
263 993 351 1059 domi
368 993 512 1078 fuerunt3
531 997 743 1078 posteaquam
761 994 883 1060 nostris
897 993 1037 1057 testibus
1055 1013 1115 1057 nos

67 1111 92 1150 11
105 1105 206 1167 quam
231 1082 322 1147 horis
351 1081 443 1164 [tuis]
471 1083 522 1147 uti
548 1083 647 1148 malle
673 1082 798 1164 vidisti,
829 1081 957 1147 nullum
986 1080 1116 1166 signum

106 1171 196 1237 domi
222 1170 387 1255 reliquisti
412 1174 542 1255 praeter
569 1171 645 1254 duo,
675 1191 757 1254 quae
784 1170 819 1234 in
845 1169 959 1235 mediis
984 1168 1116 1234 aedibus

107 1263 192 1343 sunt,
215 1281 298 1343 quae
320 1258 393 1343 ipsa
416 1255 513 1324 Samo
537 1259 669 1323 sublata
691 1258 788 1322 sunt?
824 1257 900 1322 Non
922 1255 1047 1342 putasti
1065 1276 1116 1320 me

106 1348 171 1412 tuis
194 1346 460 1412 familiarissimis
483 1347 519 1411 in
541 1347 625 1412 hune
647 1367 716 1410 rem
738 1345 927 1412 testimonia
952 1343 1118 1410 denuntia·

106 1439 231 1520 turum,
267 1435 324 1518 qui
355 1438 431 1498 tuae
463 1433 551 1499 dorni
582 1455 710 1517 semper
740 1433 893 1518 fuissent,
928 1454 967 1498 ex
999 1432 1116 1516 quibus

70 1550 94 1589 15
107 1544 308 1607 quaererem,
336 1523 431 1610 signa
459 1522 619 1587 scirentne
646 1521 760 1606 fuisse,
788 1544 870 1606 quae
896 1543 963 1587 non
985 1519 1116 1586 essent?

106 1610 189 1687 Quid
217 1615 288 1676 tum
315 1610 376 1675 hos
405 1610 443 1675 de
471 1613 504 1674 te
531 1609 729 1675 iudicaturos
758 1610 935 1675 arbitratus
964 1629 1011 1693 es,
1043 1630 1116 1674 cum
1135 1643 1168 1692 52

105 1698 252 1766 viderent
279 1702 313 1763 te
339 1698 405 1763 iam
431 1719 498 1764 non
528 1703 642 1763 contra
672 1701 892 1764 accusatorem
923 1699 1029 1780 tuum,
1061 1696 1117 1760 sed

105 1791 220 1854 eontra
244 1790 450 1871 quaestorem
474 1789 695 1870 sectoremque
718 1785 886 1871 pugnare?
927 1781 997 1858 Qua
1020 1784 1059 1847 de
1082 1804 1117 1846 re

105 1874 336 1940 Charidemum
360 1872 476 1939 Chium
499 1873 723 1938 testimonium
741 1873 849 1958 priore
868 1871 994 1937 actione
1013 1870 1117 1934 dicere

5 2015 7 2038 ‚
66 1989 92 2030 ro
105 1963 253 2046 audistis,
273 1983 352 2046 sese,
370 1983 443 2026 cum
462 1965 549 2026 esset
567 1961 764 2028 trierarchus
784 1965 817 2024 et
830 1959 965 2024 Verrem
984 1979 1023 2022 ex
1037 1956 1118 2023 Asia

106 2051 314 2117 decedentem
337 2053 586 2134 prosequeretur
604 2049 695 2114 iussu
711 2048 912 2128 Dolabellae,
934 2045 1035 2110 fuisse
1052 2067 1118 2109 una

106 2160 180 2205 eum
211 2138 277 2204 isto
310 2135 412 2221 Sami,
449 2157 582 2220 seseque
614 2139 684 2201 tum
717 2136 798 2201 scire
835 2133 1010 2220 spoliatum
1047 2155 1117 2198 esse
1160 2173 1165 2180 -

105 2225 220 2292 fanum
236 2225 370 2291 Iunonis
394 2228 427 2290 et
450 2225 605 2309 oppidum
624 2221 770 2308 Samum3
792 2227 970 2308 posteaque
993 2243 1028 2286 se
1046 2243 1117 2286 cau-

5 2391 6 2394 ,
108 2337 179 2379 sam
202 2313 289 2398 apud
303 2311 401 2378 Chios
420 2312 506 2378 cives
526 2333 601 2378 suos
616 2309 734 2376 Samiis
749 2309 974 2376 accusantibus
988 2309 1117 2394 publice

69 2426 94 2467 11
107 2401 236 2485 dixisse,
259 2422 360 2484 eoque
379 2422 414 2465 se
432 2421 503 2464 esse
521 2399 717 2481 absolutum,
736 2399 823 2483 quod
839 2399 973 2484 planum
986 2397 1119 2462 fecisset

5 2543 6 2566 ,
108 2512 159 2571 ea,
187 2511 270 2573 quae
296 2487 399 2574 legati
422 2484 605 2552 Samiorum
629 2487 784 2571 dicerent,
812 2486 853 2552 ad
875 2484 1025 2570 Verrem,
1051 2507 1119 2551 non

5 2573 6 2638 l
108 2577 149 2643 ad
172 2577 400 2662 sepertinere.
621 2646 623 2648 ,
1115 2599 1117 2604 ’
1232 2575 1236 2582 ’

5 2647 6 2730 l
174 2663 364 2748 Aspendum
386 2666 480 2729 vetus
504 2662 659 2748 oppidum
682 2665 716 2726 et
736 2661 846 2728 nobile
868 2661 903 2726 in
921 2661 1117 2745 Pamphylia
1137 2675 1171 2724 53

110 2752 198 2817 scitis
227 2773 311 2836 esse,
340 2750 566 2836 plenissimum
593 2749 761 2836 signorum
788 2749 995 2834 optimorum.
1044 2747 1120 2812 Non

5 2861 6 2954 q
71 2866 97 2906 so
110 2840 214 2906 dicam
240 2839 331 2904 illinc
357 2839 420 2904 hoc
447 2837 577 2923 signum
605 2838 753 2910 ablatum
782 2859 853 2916 esse¹
880 2840 913 2900 et
934 2834 1030 2917 illud,
1057 2834 1120 2898 hoc

5 2957 7 3004 1
111 2928 194 3010 dico,
220 2927 348 2992 nullum
375 2930 409 2991 te
436 2925 583 3011 Aspendi
610 2925 753 3010 signum,
779 2924 913 3008 Verres,
940 2921 1119 3005 reliquisse,

110 3015 218 3081 omnia
246 3037 284 3080 ex
306 3014 405 3097 fanis,
436 3035 474 3078 11
497 3013 577 3078 11111
600 3012 739 3098 publicis
762 3012 874 3096 palam
897 3007 1119 3094 spectantibus

5 3123 12 3226 l,
110 3100 444 3255 opinibusllplauqris
474 3105 585 3252 qrcota
616 3104 990 3252 Vdoltltaqueddsselo
1010 3095 1120 3246 {qqnq

72 3211 649 3363 111111111111ἰῃ11111ρθ1111111110111
670 3208 858 3339 1111111111
881 3272 916 3336 in
926 3205 1121 3356 (1111111111,

111 3389 205 3451 quem
229 3365 338 3431 omnia
360 3365 448 3429 intus
472 3385 586 3429 canere
610 3363 768 3445 dicebant,
792 3359 926 3424 sustulit
944 3356 1030 3422 etin
1046 3356 1121 3420 inti-

110 3455 171 3520 mis
200 3454 266 3520 suis
295 3453 428 3520 aedibus
455 3451 579 3539 posuit,
611 3454 648 3516 ut
676 3448 775 3513 etiam
801 3447 896 3512 illum
923 3447 1032 3530 ipsum
1061 3465 1121 3511 suo
