2590 3884
379 185 447 240 Lis.
468 185 480 239 1
513 185 590 242 car.
609 193 715 242 rra-aa
735 193 750 254 a
769 193 882 267 elsae.
1075 187 1139 253 173

120 329 230 396 omnia
257 330 404 396 testibus
431 331 561 416 integra
586 332 773 415 reservabo3
800 331 895 415 illud,
924 332 1011 416 quod
1032 353 1137 417 neque

120 419 223 484 taceri
258 418 330 484 ullo
369 418 465 485 modo
498 441 603 504 neque
636 420 699 486 dici
730 442 790 506 pro
824 420 985 506 dignitate
1017 426 1138 506 potest,

122 507 320 593 cognoscite.
362 506 485 572 Milites
508 508 712 594 remigesque
734 508 885 574 Miletum
907 509 1027 595 Myndo
1051 511 1138 595 pedi·
1156 522 1190 574 87
1291 508 1292 588 l

121 597 182 662 bus
202 596 326 662 reverti
348 596 448 680 iubet,
470 597 540 681 ipse
564 618 797 682 myoparonem
819 598 1075 683 pulcherrimum
1099 599 1138 665 de
1291 591 1292 640 ἶ

95 685 234 750 sdeeem
266 684 469 750 Milesiorum
500 685 639 750 navibus
673 686 811 752 electum
838 686 874 752 L.
897 686 1008 774 Magio
1041 691 1075 753 et
1101 687 1137 753 L.

123 772 259 858 Fannio,
283 773 339 857 qui
357 773 470 857 Myndi
491 773 697 858 habitabant,
720 774 874 840 vendidit.
914 776 959 840 Hi
982 779 1059 841 sunt
1081 776 1137 842 ho

124 861 237 946 mines,
252 883 334 946 quos
349 883 453 946 nuper
467 866 599 927 senatus
613 862 648 927 in
661 863 805 928 hostium
820 885 955 929 numero
968 864 1136 931 habendos

124 950 263 1034 censuit3
296 950 358 1016 hoo
389 951 441 1016 illi
472 951 604 1037 navigio
637 951 678 1016 ad
710 974 822 1016 omnes
853 952 967 1037 populi
995 952 1148 1017 Romani·

124 1038 236 1104 hostes
268 1060 371 1122 usqua
403 1040 444 1104 ab
472 1039 591 1104 Dianio
625 1039 725 1124 [quod
748 1041 784 1104 in
811 1040 972 1125 Hispania
999 1043 1061 1123 est]
1095 1041 1137 1106 ad

85 1146 112 1185 ιο
125 1123 282 1212 Sinopam
306 1129 402 1212 [quae
425 1127 460 1192 in
481 1127 588 1193 Ponto
612 1131 675 1209 est]
698 1129 946 1216 navigaverunt.

189 1216 227 1298 Ο,
250 1215 284 1281 di
306 1215 523 1300 immortaleS,
547 1216 772 1282 incredibilem
795 1218 969 1283 avaritiam
992 1218 1136 1305 singula·

124 1326 256 1388 remque
270 1304 452 1370 audaciam!
483 1303 611 1370 Navem
625 1309 662 1371 tu
679 1305 717 1370 de
736 1308 840 1372 classe
858 1307 973 1392 populi
986 1307 1136 1391 Romani,

125 1414 222 1476 quam
236 1391 300 1457 tibi
313 1392 442 1458 Milesia
459 1393 584 1477 civitas,
601 1397 640 1458 ut
657 1399 690 1458 te
708 1400 967 1480 prosequeretur,
986 1396 1136 1480 dedisset,

125 1503 222 1546 ausus
247 1503 282 1547 es
305 1482 465 1547 vendere?
507 1479 542 1546 Si
564 1485 598 1546 te
621 1483 813 1568 magnitudo
838 1485 1001 1567 maleficii,
1027 1485 1056 1549 si
1077 1485 1136 1550 ho·

86 1587 112 1629 1⁵
124 1570 248 1634 minum
263 1570 462 1636 existimatio
476 1592 543 1636 non
558 1571 721 1655 movebat,
738 1593 780 1636 ne
797 1572 880 1637 illud
898 1573 1028 1656 quidem
1048 1575 1136 1659 eogi-

123 1659 232 1742 tabas,
269 1658 365 1724 huius
398 1659 634 1742 improbissimi
664 1659 746 1725 furti
779 1660 846 1726 sive
880 1662 959 1727 adeo
991 1661 1135 1726 nefariae

123 1747 263 1831 praedae
276 1750 346 1812 tarn
359 1747 523 1812 illustrem
537 1769 575 1813 ao
588 1751 658 1812 tam
671 1749 816 1813 nobilem
830 1749 998 1814 civitatem
1015 1753 1134 1814 testem

122 1835 291 1900 futuram?
337 1834 403 1919 An,
430 1837 506 1920 quia
534 1839 605 1900 tum
634 1834 690 1901 Cn.
708 1836 884 1902 Dolabella
906 1838 942 1901 in
964 1859 1050 1920 eum,
1079 1838 1135 1922 qui
1154 1851 1188 1902 88

123 1923 152 1988 ei
179 1923 374 2008 myoparoni
399 1923 585 2009 praefuerat
606 1924 808 2010 Milesiisque
835 1947 905 1990 rem
933 1927 1061 2011 gestam
1088 1948 1135 1990 re·

85 2030 110 2070 ιο
121 2013 301 2097 nuntiarat,
319 2011 576 2078 animadvertere
590 2017 648 2079 tuo
662 2018 782 2100 rogatu
796 2018 932 2079 conatus
950 2018 1000 2078 est
1017 2036 1135 2078 renun-

122 2100 358 2185 tiationemque
376 2100 453 2184 eius,
472 2123 553 2184 quae
573 2105 644 2166 erat
661 2103 696 2167 in
714 2102 862 2189 publicas
881 2103 1010 2168 litteras
1029 2103 1135 2167 relata

121 2189 255 2254 illorum
268 2189 406 2275 legibus,
423 2189 499 2254 tolli
515 2191 666 2276 iusserat,
682 2191 802 2260 idcirco
816 2195 850 2256 te
864 2213 904 2256 cx
919 2191 982 2256 hoc
1000 2192 1134 2256 crimine

122 2278 268 2362 elapsum
303 2299 373 2342 esse
406 2278 632 2344 arbitrabare?
683 2277 825 2345 Multum
856 2283 890 2345 te
920 2280 986 2345 ista
1014 2280 1134 2346 fefellit
1145 2278 1187 2344 35

122 2365 243 2450 opinio,
261 2366 438 2450 etquidem
455 2367 568 2431 multis
586 2367 622 2432 in
640 2367 730 2433 locis.
767 2366 901 2453 Semper
919 2371 1007 2434 enim
1026 2370 1135 2434 existi·

83 2472 109 2514 aa
122 2454 231 2539 masti,
255 2457 288 2520 et
311 2454 451 2520 maxime
474 2455 509 2519 in
531 2453 651 2539 Sicilia,
675 2455 756 2520 satis
780 2461 911 2522 cautum
933 2457 996 2522 tibi
1019 2458 1060 2523 ad
1083 2460 1135 2523 de·

121 2542 304 2609 fensionem
317 2542 396 2628 fore,
414 2543 444 2608 ai
458 2547 515 2608 aut
527 2544 642 2608 referri
656 2544 779 2628 aliquid
792 2545 827 2609 in
840 2546 970 2611 litteras
985 2547 1134 2630 publicas

121 2630 281 2697 vetuisses
301 2635 368 2716 aut,
385 2631 472 2715 quod
489 2633 631 2697 relatum
649 2636 744 2716 esset,
765 2634 841 2709 tolli
858 2635 1031 2721 coegisses.
1062 2635 1134 2701 Hoc

122 2742 221 2805 quam
246 2719 330 2784 nihil
354 2719 411 2804 sit,
437 2721 571 2786 tametsi
594 2743 634 2785 ex
656 2721 769 2786 multis
793 2720 922 2788 Siciliae
944 2723 1133 2788 civitatibus

121 2808 231 2892 priore
250 2808 377 2874 actione
396 2808 547 2893 didicisti,
570 2813 682 2874 tamen
700 2810 800 2875 etiam
822 2811 857 2875 in
879 2811 941 2876 hac
962 2811 1036 2895 ipsa
1059 2812 1134 2876 ciri-

83 2913 110 2954 ³⁰
121 2900 192 2961 tate
210 2918 378 2983 cognosco.
415 2895 498 2962 Sunt
516 2897 567 2962 illi
585 2898 715 2982 quidem
730 2899 820 2964 ¹dicto
840 2898 1016 2982 audientes,
1035 2921 1133 2982 quam

122 2985 178 3050 diu
195 2985 316 3050 adsunt
332 2986 365 3070 ii,
390 2985 445 3070 qui
463 2985 640 3071 imperant3
663 2987 800 3052 simulac
819 2987 1045 3070 discesserunt,
1067 3009 1135 3051 non

123 3073 231 3139 solum
248 3073 332 3138 illud
349 3074 564 3158 perscribunt,
588 3075 675 3159 quod
693 3079 764 3140 tum
786 3074 946 3160 prohibiti
969 3078 1053 3158 sunt,
1078 3075 1134 3140 sed

122 3161 224 3227 etiam
242 3184 375 3228 causam
393 3162 589 3247 adscribunt,
617 3185 674 3228 cur
695 3186 761 3228 non
783 3167 855 3228 tum
877 3163 912 3227 in
934 3162 1063 3228 litteras
1086 3185 1135 3228 re·

1 3186 11 3301 l
122 3249 227 3316 latum
255 3250 307 3316 sit.
356 3250 490 3318 Manent
516 3252 599 3338 istae
627 3252 757 3317 litterae
784 3250 903 3337 Mileti,
931 3256 1064 3316 manent
1092 3255 1134 3338 et,
1153 3266 1187 3315 89

2 3333 3 3428 ᾗ
85 3354 110 3396 ¹⁵
123 3339 199 3403 dum
227 3339 289 3404 erit
314 3338 373 3405 illa
396 3339 525 3424 civitas,
553 3341 739 3405 manebunt.
780 3340 901 3406 Decem
925 3339 1011 3405 enim
1033 3363 1134 3407 naves

2 3470 4 3533 y
122 3425 213 3492 iussu
234 3425 271 3493 L.
289 3427 443 3494 Murenae
470 3430 610 3515 populus
633 3428 782 3494 Milesius
810 3451 849 3494 ex
875 3429 1012 3515 pecunia
1037 3430 1134 3496 vecti·

3 3563 4 3592 ,
123 3515 190 3602 gali
217 3516 339 3602 populo
362 3517 510 3583 Romano
538 3518 673 3600 fecerat,
702 3516 785 3582 sicut
812 3538 872 3602 pro
901 3540 960 3583 sua
989 3540 1133 3605 quaeque

2 3800 13 3856 l
