2504 3876
298 172 365 228 ΜΒ.
381 173 406 226 V
439 173 515 228 cAP.
535 181 606 230 2-4
623 180 638 241 e
657 180 753 230 5-10.
966 175 1030 240 431

12 318 136 404 ingens
169 317 210 382 ad
242 337 316 382 eum
344 317 464 383 allatus
493 322 593 402 esset,
625 319 822 384 admiratum
849 319 1033 406 requisisse,

13 407 92 492 quis
123 427 197 470 eum
221 406 448 492 percussisset;
475 429 549 471 cum
573 407 717 472 audisset
738 413 905 494 pastorem
929 409 1033 474 cuius·

14 495 96 560 dam
124 493 240 578 fuisse,
267 515 340 559 eum
367 495 477 560 vocari
505 495 547 560 ad
570 517 604 560 se
627 495 774 581 iussisse;
800 497 895 562 illum
919 498 1033 582 cupide

15 584 60 648 ad
95 586 281 667 praetorem
314 583 407 666 quasi
434 583 476 648 ad
503 583 632 648 laudem
660 587 757 668 atque
785 585 826 649 ad
852 587 1033 671 praemium

16 671 254 755 accucunisse3
274 671 440 755 quaesisse
458 670 650 756 Domitium,
673 673 729 756 qui
746 675 874 739 tantam
893 675 1033 740 bestiam

15 760 251 845 percussisset3
265 759 360 824 illum
374 759 588 844 respondisse,
602 760 777 845 venabulo;
792 762 905 826 statim
919 762 1033 828 deinde

16 870 113 914 russu
132 847 294 935 praetoris
312 848 348 912 in
366 868 493 913 crucem
517 869 587 914 esse
611 850 786 914 sublatum.
824 850 948 914 Durum
970 851 1034 917 hoc

17 938 164 1002 fortasse
183 936 344 1021 videatur,
367 958 471 1020 neque
490 957 551 1022 ego
569 936 672 1002 ullam
691 937 726 1002 in
743 941 871 1022 partem
894 938 1033 1024 disputo,

17 1029 154 1091 tantum
190 1024 361 1110 intellego,
398 1025 553 1090 maluisse
584 1025 767 1091 Domitium
803 1026 965 1091 crudelem
999 1027 1034 1091 in

19 1114 311 1180 animadvertendo
339 1134 436 1197 quam
463 1113 498 1177 in
524 1114 814 1198 praetermittendo
840 1114 1033 1180 dissolutum

18 1202 136 1268 videri.
180 1201 270 1288 Ergo
293 1201 345 1265 his
368 1201 529 1266 institutis
551 1202 737 1286 provinciae
759 1202 826 1267 iam
848 1206 933 1288 tum,
961 1226 1033 1268 cum

19 1291 112 1356 bello
141 1290 303 1356 sociorum
330 1292 402 1355 tota
428 1289 528 1355 Italia
555 1291 696 1374 arderet,
726 1291 826 1355 homo
852 1312 919 1356 non
947 1313 1032 1357 acer-

20 1380 127 1444 rimus
155 1400 214 1444 nec
240 1377 454 1462 fortissimus,
482 1375 517 1443 (i.
535 1376 724 1462 Norbanus,
750 1378 786 1443 in
813 1401 940 1444 summo
966 1379 1034 1444 otio

20 1469 101 1552 fuit,
129 1465 282 1552 perfacile
311 1468 397 1530 enim
425 1487 495 1531 sese
518 1463 629 1531 Sicilia
651 1467 717 1532 iam
740 1468 907 1552 tuebatur,
934 1472 1035 1532 utne

22 1555 113 1642 quod
146 1577 184 1619 ex
215 1555 288 1640 ipsa
320 1554 443 1619 bellum
470 1560 583 1639 posset
610 1555 756 1620 existere.
800 1555 933 1621 Etenim
962 1578 1035 1621 oum

21 1644 109 1710 nihil
141 1646 210 1707 tam
242 1643 449 1708 coniunctum
482 1643 527 1707 sit
554 1665 653 1727 quam
679 1643 901 1729 negotiatores
928 1645 1036 1709 nostri

23 1755 100 1799 cum
124 1729 241 1796 Siculis
264 1752 338 1814 usu,
365 1753 413 1814 re,
440 1731 579 1814 ratione,
607 1731 791 1816 concordia,
819 1736 852 1797 et
875 1753 948 1797 cum
970 1732 1036 1816 ipsi

24 1819 128 1886 Siculi
152 1841 204 1885 res
228 1840 304 1884 suas
326 1819 375 1884 ita
397 1820 593 1884 constitutas
615 1819 772 1902 habeant,
798 1823 836 1884 ut
858 1818 899 1884 iis
921 1842 1036 1904 pacem

25 1907 178 1994 expediat
209 1929 300 1991 esse,
325 1907 499 1991 imperium
532 1911 640 1972 autem
671 1907 785 1992 populi
815 1905 957 1973 Romani
989 1908 1036 1974 sic

26 1997 176 2083 diligant,
200 2000 237 2061 ut
253 1996 288 2060 id
306 1995 455 2060 imminui
473 1997 530 2060 aut
550 1996 746 2060 commutari
768 1995 901 2060 minime
923 1996 1036 2080 velint,

25 2107 163 2169 cumque
181 2084 300 2150 haeoa
323 2105 490 2148 servorum
512 2084 601 2148 bello
624 2084 769 2170 pericula
792 2087 825 2148 et
847 2087 1036 2168 praetorum

25 2173 187 2241 institutis
202 2177 236 2238 et
250 2171 455 2238 dominorum
474 2171 645 2257 disciplina
663 2171 796 2256 provisa
814 2171 890 2255 sint,
908 2172 1035 2236 nullum

27 2267 80 2330 est
97 2263 219 2327 malum
243 2260 466 2345 domesticum,
489 2260 576 2344 quod
599 2281 638 2324 ex
661 2260 734 2345 ipsa
756 2260 923 2344 provincia
945 2261 1036 2326 nasci

52 2350 142 2416 ossit.

28 2377 50 2438 p
97 2437 180 2514 Quid
210 2437 334 2523 igitur?
371 2436 496 2501 nulline
527 2440 636 2501 motus
668 2436 702 2500 in
730 2434 840 2501 Sicilia
870 2457 1072 2506 servorumc

29 2526 132 2592 Verre
154 2529 319 2610 praetore,
343 2524 494 2589 nullaene
518 2524 744 2589 consensiones
767 2524 874 2590 factae
897 2546 967 2590 esse
992 2525 1037 2590 di-

31 2615 168 2682 cuntur?
213 2612 306 2677 Nihil
336 2633 427 2696 sane,
460 2611 545 2697 quod
573 2613 614 2678 ad
642 2616 790 2678 senatum
819 2614 1037 2697 populumque

30 2705 212 2769 Romanum
230 2702 425 2787 pervenerit,
447 2701 540 2784 nihil,
563 2701 649 2786 quod
666 2701 729 2766 iste
751 2701 880 2786 publice
899 2701 1038 2766 Romam

32 2791 210 2875 scripserit,
239 2793 273 2854 et
299 2793 411 2854 tamen
438 2793 589 2874 coeptum
618 2811 687 2855 esse
714 2789 750 2853 in
777 2788 888 2854 Sicilia
915 2789 1039 2854 moveri

15 2880 157 2964 »aliquot
188 2877 269 2943 locis
302 2877 471 2942 servitium
499 2877 653 2962 suspicor.
703 2875 742 2941 Id
770 2877 849 2942 adeo
876 2896 943 2940 non
969 2879 1038 2941 tam

34 2989 125 3036 exre
144 2989 241 3051 quam
261 2987 298 3030 ex
321 2966 417 3031 istius
439 2964 536 3030 factis
560 2965 760 3049 decretisque
784 2984 953 3049 cognosco.
990 2965 1039 3030 Ac

33 3057 151 3139 videte,
183 3076 282 3139 quam
312 3075 380 3118 non
410 3053 541 3119 inimico
573 3053 681 3118 animo
710 3053 771 3117 sim
799 3055 944 3135 acturus3
977 3073 1038 3138 ego

33 3140 711 3314 ittt:⁰⁰5utnlhtut‘lttlh
732 3139 837 3205 ὼ
862 3161 1038 3223 numm

36 3259 54 3302 a
713 3278 720 3292 .

17 3342 20 3380 ἰ
99 3320 136 3386 In
149 3283 344 3403 lhiocalino,
363 3341 460 3403 quem
475 3319 582 3384 locum
601 3315 733 3402 fugitivi
750 3316 817 3382 iam
836 3320 913 3381 ante
930 3319 1039 3382 tenue
1058 3326 1091 3376 10

33 3413 119 3494 runt,
138 3408 301 3474 Leonidae
318 3407 486 3473 cuiusdam
506 3405 606 3472 Siculi
624 3404 751 3470 familia
768 3405 803 3482 in
823 3404 1038 3492 suspicionem

34 3502 84 3568 est
97 3500 210 3563 vocata
224 3493 466 3563 coniurationis.
498 3494 564 3559 Res
581 3494 690 3558 delata
709 3494 750 3559 ad
767 3494 875 3560 istum
909 3493 1037 3574 Statim,

1053 1255 1068 1304 8
