2504 3876
294 211 362 267 Lm.
382 211 421 267 lv
453 212 530 270 cae.
549 219 654 292 sr-fce
673 221 688 280 s
708 220 855 270 128-133.
1015 215 1083 280 419

74 356 160 440 quod
183 378 312 422 mensas
334 355 511 441 Delphicas
535 379 553 422 o
576 380 751 442 marmore,
779 362 922 424 crateras
946 381 985 424 ex
1008 382 1082 426 aere

73 444 320 529 pulcherrimas,
352 445 419 509 vim
451 445 625 510 maximam
657 469 810 512 uasorum
838 446 1082 514 Corinthiorum

73 554 113 597 ex
131 533 280 599 omnibus
300 533 433 598 aedibus
453 533 552 598 sacris
573 534 711 600 abstulit
729 533 907 618 Syracusis.
939 537 1064 623 Itaque,
1084 549 1141 599 132¹

73 621 208 706 iudices,
239 621 277 704 ii,
309 621 364 706 qui
396 621 543 707 hospites
574 622 616 687 ad
643 643 694 707 ea,
727 645 809 707 quae
836 624 970 691 visenda
997 630 1081 709 sunt,

45 709 181 774 isolena
210 710 324 775 ducere
351 713 385 774 et
411 732 512 775 unum
539 710 679 794 quidque
708 712 890 796 ostendere,
922 736 1003 797 quos
1031 715 1082 779 illi

72 800 287 884 mystagogos
318 801 451 881 vocant,
483 820 672 863 conversam
703 799 770 865 iam
801 800 926 865 habent
953 802 1082 868 demon·

74 887 267 952 strationem
286 907 386 950 suam.
423 885 520 970 Nam,
542 890 580 952 ut
602 890 678 951 ante
702 886 980 972 demonstrabant,
1005 891 1082 974 quid

73 974 192 1058 ubique
220 977 318 1058 esset,
349 975 429 1039 item
456 996 554 1059 nunc,
583 975 660 1058 quid
687 975 827 1060 undique
855 977 1002 1042 ablatum
1030 979 1084 1060 sit,

73 1062 258 1127 ostendunt.

33 1169 60 1208 ro
141 1149 225 1227 Quid
242 1150 335 1215 tum?
359 1150 552 1215 mediocrine
572 1152 704 1216 tandem
723 1151 834 1219 dolore
858 1174 914 1218 eos
937 1153 1082 1220 adfectos

73 1260 144 1304 esse
164 1238 391 1304 arbitramini?
432 1237 508 1304 Non
526 1239 574 1304 ita
595 1243 654 1324 est,
677 1240 807 1324 iudices,
829 1241 972 1326 primum
997 1242 1083 1326 quod

74 1348 186 1391 omnes
218 1326 376 1412 religione
409 1331 578 1392 moventur
611 1331 644 1392 et
676 1329 752 1393 deos
781 1329 920 1414 patrios,
952 1352 1034 1414 quos
1062 1353 1083 1396 a

73 1414 253 1480 maioribus
272 1419 473 1500 acceperunt,
496 1415 647 1480 colendos
667 1417 731 1482 sibi
755 1416 929 1503 diligenter
952 1422 985 1484 et
1007 1419 1082 1484 reti·

72 1503 196 1569 nendos
233 1523 303 1570 esse
336 1503 550 1586 arbitrantur,
588 1503 701 1569 deinde
732 1505 785 1570 hic
818 1510 966 1590 ornatus,
1002 1507 1082 1574 haec

30 1610 58 1649 rs
74 1613 174 1676 opera
201 1595 299 1675 atquc
326 1592 478 1675 artificia,
510 1591 617 1676 signa,
646 1592 778 1658 tabulae
806 1594 913 1678 pictae
940 1593 1083 1661 Graecos

73 1679 220 1744 homines
253 1680 353 1745 nimio
388 1700 483 1764 opere
516 1679 686 1744 delectant.
735 1680 850 1765 Itaque
880 1704 920 1746 ex
948 1683 1082 1748 illorum

75 1767 285 1850 querimoniis
323 1768 515 1852 intellegere
550 1789 737 1852 possumus,
778 1769 857 1834 haec
893 1770 959 1834 illis
997 1793 1082 1836 acer-

73 1855 220 1921 bissuma
247 1855 363 1939 videri,
391 1877 472 1938 quae
496 1856 637 1920 forsitan
657 1857 752 1921 nobis
776 1857 861 1922 levia
884 1861 917 1922 et
939 1863 1081 1923 contem-

74 1942 181 2009 nenda
203 1965 273 2009 esse
296 1943 475 2009 videantur.
514 1943 597 2008 Mihi
620 1944 753 2028 credite,
776 1944 910 2030 iudices,
934 1944 1082 2032 (tametsi

30 2052 60 2090 so
74 2034 200 2097 vosmet
236 2032 325 2114 ipsos
361 2032 442 2096 baec
478 2030 589 2096 eadem
626 2033 736 2097 audire
773 2037 861 2098 certo
894 2033 976 2120 scio)
1008 2057 1081 2101 cum

75 2121 197 2185 multas
216 2120 397 2204 acceperint
415 2141 474 2204 per
491 2121 590 2185 hosce
608 2141 709 2186 annos
729 2121 808 2185 socii
831 2126 928 2206 atque
952 2126 1081 2188 exterae

74 2209 224 2274 nationes
239 2209 443 2274 calamitates
463 2212 497 2272 et
514 2208 658 2292 iniurias,
676 2208 785 2274 nullas
800 2208 916 2276 Graeci
933 2211 1080 2276 homines

75 2297 207 2382 gravius
225 2296 335 2362 ferunt
354 2319 392 2362 ac
410 2296 556 2361 tulerunt
577 2319 675 2380 quam
697 2295 829 2362 huiusce
852 2298 940 2363 modi
964 2299 1081 2384 spolia-

74 2385 180 2450 tiones
213 2384 365 2450 fanorum
399 2388 495 2468 atque
523 2384 724 2468 oppidorum.
770 2385 860 2450 Licet
886 2387 949 2450 iste
977 2387 1063 2452 dicat
1083 2392 1134 2441 133

29 2490 60 2531 aa
76 2472 192 2537 emisse
209 2493 253 2556 se,
272 2473 368 2537 sicuti
387 2473 471 2537 solet
489 2472 602 2555 dicere,
620 2473 740 2538 credite
759 2473 821 2539 hoc
839 2475 929 2558 mibi,
946 2475 1080 2540 iudices:

74 2560 167 2625 nulla
198 2582 353 2644 umquam
382 2561 497 2626 civitas
524 2564 596 2626 tota
619 2559 699 2626 Asia
727 2565 760 2626 et
787 2560 924 2628 Graecia
950 2563 1081 2650 signum

75 2649 192 2732 ullum,
223 2648 370 2714 tabulam
397 2648 520 2733 pictam
545 2649 657 2732 altura
691 2649 795 2714 ullum
823 2650 959 2733 denique
987 2673 1081 2716 orna-

75 2739 221 2801 mentum
249 2737 341 2800 urbis
370 2758 428 2802 sua
455 2737 624 2802 voluntate
652 2737 801 2822 cuiquam
829 2738 985 2821 vendidit3
1017 2739 1082 2803 nisi

74 2824 160 2890 forte
192 2825 400 2908 existimatis,
432 2828 646 2910 posteaquam
673 2825 791 2890 iudicia
818 2846 930 2890 severa
958 2825 1081 2890 Romae

28 2932 60 2973 co
74 2912 146 2977 fieri
173 2912 350 2997 desierunt,
377 2911 516 2978 Graecos
543 2913 690 2978 homines
717 2913 797 2978 haec
824 2913 990 2978 venditare
1013 2936 1081 2978 coe-

74 3002 175 3085 pisse,
212 3022 293 3085 quae
325 3004 395 3065 tum
427 3022 493 3066 non
524 3001 619 3067 modo
651 3023 717 3066 non
748 3001 972 3085 venditabant,
1008 3024 1081 3066 cum

73 3089 194 3155 iudicia
212 3089 344 3173 fiebant,
365 3110 477 3154 verum
496 3089 595 3153 etiarn
614 3087 815 3172 coemebant5
839 3091 895 3152 aut
913 3087 978 3152 nisi
998 3089 1081 3153 arbi-

74 3176 209 3243 tramini
235 3176 271 3242 L.
294 3173 427 3261 Orasso,
459 3175 705 3256 Q.Scaev01ae,
735 3173 768 3240 O.
792 3173 927 3241 Claudio
933 3226 942 3260 ,
969 3182 1081 3261 poten-

75 3265 210 3331 tissimis
242 3264 442 3348 hominibus,
475 3286 613 3348 quorum
644 3262 826 3328 aedilitates
855 3264 1080 3329 ornatissimas

28 3372 60 3415 er>
76 3354 223 3437 vidimus,
246 3353 474 3419 commercium
492 3353 631 3417 istarum
649 3372 757 3416 rerum
780 3374 853 3418 cum
870 3351 1001 3418 Graecis
1023 3353 1081 3419 ho-

75 3442 217 3506 minibus
243 3463 310 3506 non
332 3440 446 3524 fuisse,
473 3441 529 3525 iis,
556 3439 611 3525 qui
633 3442 709 3524 post
730 3439 922 3506 iudiciorum
946 3441 1081 3508 dissolu·

76 3531 198 3596 tionem
222 3530 341 3595 aediles
364 3529 444 3594 facti
467 3531 557 3604 sunt,
579 3526 688 3592 fuisse.

814 3630 868 3686 27*
