2604 3880
186 213 247 278 188
479 211 519 266 IN
537 212 567 268 G.
585 213 741 268 VERREM
761 213 841 269 ΔΟΤ.
860 212 894 268 ll.

182 355 320 441 Fannio,
346 355 443 422 fratri
463 360 534 442 tuo,
557 358 699 442 credere;
726 358 805 424 dicit
828 359 913 423 enim
936 379 1005 423 rem
1027 358 1198 425 incredibi-

182 446 261 530 lem3
284 444 318 510 Ο.
336 445 474 512 Verrem
491 446 663 512 insimulat
685 447 844 513 avaritiae
866 451 900 512 ct
923 447 1083 530 audaciae,
1113 470 1197 532 quae

182 534 264 598 vitia
285 533 437 600 videntur
458 535 493 599 in
517 535 662 620 quemvis
685 535 795 620 petius
819 557 918 619 quam
939 536 975 600 in
996 536 1097 600 istum
1120 558 1197 602 eon-

182 622 301 688 venire.
341 621 434 688 Dixit
458 622 494 699 Q.
517 622 647 707 Tadius,
670 622 768 688 homo
791 623 1067 688 familiarissimus
1089 627 1197 710 patris

182 711 291 795 istius,
318 733 384 777 non
412 711 537 776 alienus
565 734 585 776 a
611 712 727 776 matris
756 712 824 777 eius
856 733 973 798 genere
996 716 1030 777 et
1050 713 1225 797 nomine3⁵
1286 749 1287 772 i

182 800 314 864 tabulas
336 801 485 886 protulit,
508 801 625 884 quibus
648 801 819 884 pecuniam
841 822 876 866 se
899 800 1024 865 dedisse
1043 802 1197 866 ostendit.

183 887 326 953 [lucrm.
362 905 499 954 somus
522 888 559 965 Q.
580 887 679 953 Tum.
716 888 860 954 Rucrra.
895 905 1135 954 rasrnrosrvn
1159 889 1198 965 Q.
1286 891 1287 976 i

183 975 282 1042 Tsnr.
306 975 357 1041 Ne
367 976 448 1042 Tadi
459 976 588 1061 quidem
598 977 721 1042 tabulis
730 999 790 1044 nec
803 977 992 1043 testimonio
1007 978 1197 1043 credemus?
1286 977 1287 1040 5

184 1064 268 1141 Quid
285 1065 388 1152 igitur
404 1066 440 1130 in
457 1065 583 1130 iudiciis
602 1066 795 1151 sequemur?
824 1064 907 1141 Quid
929 1068 980 1130 est
993 1065 1081 1130 aliud
1095 1067 1198 1132 omni-

184 1154 244 1219 bus
273 1154 383 1219 omnia
409 1157 543 1238 peccata
570 1158 604 1218 et
635 1154 795 1219 maleficia
826 1154 998 1219 concedere
1028 1153 1094 1219 nisi
1123 1153 1198 1240 hoe,
1213 1176 1237 1214 10

183 1242 352 1308 hominum
374 1241 587 1307 honestorum
605 1241 803 1308 testimoniis
821 1246 854 1306 et
871 1242 1017 1308 virorum
1035 1243 1197 1308 bonorum

132 1348 182 1396 129
199 1329 323 1394 tabulis
350 1351 417 1395 non
443 1330 594 1396 eredere?
638 1329 727 1395 Nam
758 1330 836 1415 quid
868 1351 928 1416 ego
961 1330 1001 1395 de
1032 1331 1197 1398 cotidiano

184 1439 331 1483 sermone
348 1418 612 1503 querimoniaque
625 1419 739 1504 populi
751 1418 892 1485 Romani
905 1419 1031 1503 loquar,
1046 1419 1085 1484 de
1098 1420 1197 1486 istius

182 1506 453 1590 inpudentissimo
489 1507 579 1572 furto
617 1527 674 1572 seu
707 1507 818 1592 potius
849 1529 934 1572 novo
967 1529 1005 1572 ac
1036 1507 1198 1594 singulari

183 1594 378 1660 latrocinio?
406 1616 521 1660 ausum
545 1617 615 1660 esse
637 1596 672 1659 in
696 1597 774 1661 aede
797 1594 957 1677 Castoris,
984 1595 1237 1663 celeberrimos

183 1683 429 1768 clarissimoque
468 1687 692 1766 monumento,
729 1684 816 1768 qued
842 1683 1001 1768 templum
1027 1684 1063 1749 in
1092 1687 1196 1750 oculis

183 1771 409 1856 cotidianoque
432 1776 566 1858 aspectu
587 1772 702 1858 populi
724 1772 865 1837 Romani
885 1772 1030 1858 positum
1049 1777 1107 1856 est,
1130 1795 1195 1857 quo

183 1882 279 1946 saepe
310 1883 445 1926 numero
478 1863 610 1926 senatus
642 1864 850 1944 convocatur,
884 1860 1196 1946 quoxmaximarum

183 1970 291 2014 rerum
318 1948 602 2034 frequentissimae
629 1949 747 2014 cotidie
775 1948 1002 2014 advocationes
1031 1949 1129 2034 fiunt,
1160 1951 1197 2015 in
1285 2009 1288 2024 ,

183 2058 221 2102 eo
240 2037 312 2104 loco
335 2038 370 2102 in
388 2058 535 2103 sermone
554 2037 724 2102 hominum
742 2037 894 2102 audaciae
913 2058 990 2101 suae
1009 2059 1196 2103 monumen·
1211 2058 1237 2096 20

131 2127 698 2314 ?3›tumAque11rln1(1jqrstquirsrpqqqriqes,
719 2212 755 2278 P.
773 2213 885 2280 Iunius
903 2213 1020 2279 habuit
1039 2215 1196 2280 tuendam

200 2301 238 2366 de
262 2301 298 2365 L.
321 2299 413 2366 Sulla
436 2299 473 2376 Q.
495 2301 629 2367 Metello
653 2303 849 2368 consulibus.
893 2302 926 2366 Is
954 2306 1102 2367 mortuus
1130 2308 1195 2387 est3

182 2389 314 2473 reliquit
341 2389 503 2474 pupillum
529 2413 669 2475 parvum
698 2390 812 2456 fflium.
862 2388 945 2456 (lum
976 2389 1012 2455 L.
1040 2389 1195 2456 Octavius

182 2475 216 2542 O.
243 2477 397 2542 Aurelius
430 2479 578 2543 consules
608 2479 697 2544 aedis
725 2501 833 2544 sacras
861 2479 1058 2544 locavissent
1088 2501 1195 2563 neque
1210 2498 1236 2538 2⁵

181 2565 365 2650 potuissent
393 2567 502 2631 omnia
530 2571 619 2632 sarta
645 2571 734 2632 tecta
760 2567 889 2653 exigere
915 2588 1019 2651 neque
1045 2567 1069 2632 ii
1100 2589 1195 2651 prae-

181 2659 284 2737 tores,
316 2654 433 2739 quibus
466 2659 538 2720 erat
564 2656 732 2741 negotium
760 2656 885 2739 datum,
915 2653 950 2721 O.
977 2652 1132 2720 Sacerdos
1161 2659 1196 2720 et

182 2742 224 2806 M.
249 2741 391 2826 Caesius,
412 2743 537 2808 factum
561 2748 611 2807 est
634 2748 766 2808 senatus
789 2744 987 2828 consultum,
1013 2743 1131 2827 quibus
1155 2744 1195 2809 de

183 2832 280 2896 sartis
312 2833 407 2896 tectis
439 2832 607 2916 cognitum
639 2835 672 2896 et
702 2832 880 2898 iudicatum
910 2853 977 2896 non
1009 2836 1107 2915 esset,
1143 2833 1195 2896 uti

183 2918 217 2985 0.
241 2919 360 2984 Verres
383 2920 419 2984 P.
442 2917 572 2984 Coelius
599 2923 767 3004 praetores
794 2923 1027 3006 cognoscerent
1054 2922 1088 2985 et
1113 2920 1195 2985 iudi·
1210 2939 1235 2978 so

182 3010 301 3073 carent.
357 3005 428 3082 Qua
463 3011 628 3092 potestate
664 3008 727 3072 iste
762 3009 922 3093 permissa
954 3057 1051 3091 .....
1081 3011 1119 3072 ut
1156 3031 1196 3074 ex

182 3095 239 3162 Gn.
262 3096 386 3161 Fannio
411 3099 444 3160 ct
466 3116 506 3160 ex
529 3094 566 3171 Q.
589 3095 691 3160 Tadio
714 3095 923 3183 cognovistis,
949 3117 1058 3161 verum
1084 3099 1197 3162 tamen

182 3207 254 3249 cum
278 3188 364 3248 esset
387 3182 537 3248 omuibus
559 3184 595 3247 in
617 3185 713 3248 rebus
733 3185 936 3268 apertissime
954 3185 1197 3270 impudentissi-

182 3293 296 3355 meque
323 3271 512 3356 praedatus‚
544 3271 607 3337 hoc
633 3272 739 3337 voluit
765 3273 983 3338 clarissimum
1011 3274 1196 3358 relinquere

181 3359 335 3424 indicium
367 3359 613 3424 latrociniorum
647 3381 791 3444 sucrum,
824 3361 862 3426 de
895 3382 959 3445 quo
990 3383 1057 3428 non
1084 3363 1197 3428 audire
1211 3381 1235 3420 ³⁵

130 3445 388 3529 131aliquando,
423 3448 479 3510 sed
503 3447 611 3511 videre
643 3448 761 3513 cotidie
789 3470 967 3534 possemus.
1018 3448 1198 3534 Quaesivit,

183 3532 254 3614 quis
283 3531 394 3595 aedem
423 3531 570 3598 Castoris
599 3539 721 3599 sartam
749 3539 870 3601 tectam
898 3537 1030 3602 deberet
1059 3539 1199 3605 tradere.
