2558 3884
200 210 267 274 220
500 207 541 262 m
560 207 588 263 c.
603 207 759 263 urrann
775 207 852 263 Aer.
870 173 904 262 n.

200 349 1205 527 tttfssltddlldsll,ttlztlrtittt‘ttlt.
1249 511 1250 514 ,

199 552 295 596 mone
310 530 453 596 omnium
470 529 578 617 coepit
595 551 674 595 esse.
705 529 825 594 Verres
843 529 943 594 refert
959 529 1056 594 illam
1067 530 1205 610 fututum

200 639 293 685 suam
307 617 553 704 Syracusanam,
568 618 616 684 ait
629 639 664 683 se
677 618 762 684 v‘elle
777 618 816 682 de
829 618 896 682 illis
910 616 967 682 HS
981 636 1079 696 Lm
1092 638 1205 704 cogno

199 729 298 792 scere,
321 708 458 773 advocat
480 708 612 773 multos.
651 706 774 772 Dicunt
797 705 907 770 Bidini
925 705 1076 772 Volcatio
1100 727 1133 770 so
1157 705 1225 768 des

200 795 294 880 disse,
312 795 395 861 illud
411 817 478 861 non
497 796 632 860 addunt:
651 795 741 860 iussu
759 795 864 860 istius.
895 794 1085 880 Volcatium
1103 796 1204 875 vocat,

198 884 369 970 pecuniam
396 884 511 949 referri
537 884 636 948 iubet.
681 883 852 949 Volcatius
878 883 986 948 animo
1010 882 1203 967 aequissimo

198 994 349 1039 nummos
369 973 472 1056 affert,
495 971 552 1056 qui
568 971 651 1037 nihil
671 972 848 1057 emitteret,
869 971 976 1037 reddit
998 969 1204 1057 inspectanti·
1251 1005 1252 1038 r

147 1073 180 1124 5⁷
198 1061 260 1126 bus
287 1061 415 1145 multis3
441 1060 551 1126 Bidini
574 1081 725 1126 nummos
748 1060 907 1126 auferunt
955 1059 1053 1125 Dicet
1076 1058 1203 1144 aliquis:

166 1151 168 1161 '
200 1148 296 1226 ‘Quid
315 1171 393 1236 ergo
410 1150 446 1214 in
464 1149 527 1215 hoc
544 1147 681 1215 Verrem
702 1148 919 1234 reprehendis,
942 1148 999 1232 qui
1020 1169 1088 1214 non
1111 1146 1234 1212 modo1n

198 1237 269 1322 ipse
300 1237 353 1302 fur
384 1259 451 1302 non
480 1240 543 1322 est,
576 1237 632 1302 sed
657 1259 699 1303 ne
727 1237 828 1303 alium
855 1237 984 1322 quidem
1012 1257 1130 1322 passus
1155 1239 1203 1300 est
1252 1277 1253 1298 ι

199 1324 303 1390 esse?
353 1325 537 1410 Auendice3
573 1326 640 1390 iam
674 1325 875 1412 intellegetis
906 1324 991 1390 hauc
1027 1325 1203 1411 pecuniam,

198 1434 281 1496 quae
313 1413 367 1479 via
399 1413 494 1479 modo
521 1414 593 1480 visa
621 1416 671 1478 cst
699 1414 784 1478 exire
812 1414 853 1478 ab
880 1414 960 1498 isto,
992 1434 1065 1478 eam
1090 1413 1202 1479 semita

180 1501 380 1588 revertisse.
417 1501 503 1578 Quid
516 1503 607 1568 enim
624 1503 738 1566 debuit
755 1505 888 1587 praetor
904 1500 1021 1586 facere,
1042 1524 1117 1568 cum
1134 1523 1202 1566 con-

198 1588 272 1654 silio
304 1589 437 1675 cognite
466 1612 565 1656 cause
592 1613 665 1656 cum
693 1591 912 1675 comperisset¹
931 1611 1026 1655 suum
1053 1589 1200 1656 comitem
1213 1603 1232 1643 ιε

197 1676 291 1762 iuris,
324 1678 459 1763 decreti,
489 1679 600 1744 iudicii
626 1678 853 1764 corrumpendi
880 1700 990 1762 causa,
1022 1700 1089 1763 qua
1114 1679 1201 1742 inre

197 1765 300 1851 ipsius
327 1766 488 1852 praetoris
511 1770 610 1852 caput
634 1767 896 1851 existimatioque
919 1771 1087 1853 ageretur,
1112 1787 1201 1852 pecu-

196 1855 286 1919 niam
304 1855 475 1940 accepisse,
498 1854 632 1920 Bidinos
655 1859 764 1920 autem
785 1855 955 1940 pecuniam
978 1859 1094 1920 contra
1115 1875 1201 1940 prae

196 1944 279 2008 toris
297 1944 421 2010 famam
439 1966 477 2010 ac
498 1943 647 2008 fortunas
671 1944 819 2009 dedisse?
841 1965 907 2009 non
930 1947 964 2008 et
985 1944 1021 2008 in
1044 1966 1127 2026 eum,
1148 1940 1201 2026 qui

198 2032 388 2116 accepisset,
415 2031 697 2098 animadvertisset
725 2036 759 2097 et
783 2033 909 2116 ineos,
937 2032 993 2116 qui
1016 2029 1232 2097 dedissentlu

197 2118 259 2204 Tu,
287 2120 343 2205 qui
369 2120 559 2185 institueras
581 2121 695 2185 ineos
718 2120 988 2204 animadvertere,
1015 2121 1072 2205 qui
1094 2142 1200 2206 perpe

196 2229 267 2271 ram
298 2207 508 2292 iudicassent,
540 2209 627 2292 quod
657 2229 754 2294 saepe
785 2197 843 2294 pir
874 2208 1129 2294 imprudentiam
1156 2209 1200 2289 fit,

195 2294 256 2359 hos
275 2295 398 2380 pateris
416 2296 547 2380 impune
567 2297 737 2381 discedere,
755 2297 811 2381 qui
830 2297 886 2378 [ob
903 2299 996 2362 tuum
1015 2297 1199 2379 decretum]

196 2382 238 2447 ob
258 2386 351 2447 tuum
368 2382 522 2449 iudicium
539 2385 709 2470 pecuniam
729 2389 787 2450 aut
807 2384 946 2451 dandam
965 2389 1023 2450 eut
1046 2386 1200 2470 accipien-

196 2470 271 2535 dam
297 2472 482 2555 putabant?
522 2471 692 2538 Volcatius
717 2473 804 2538 idem
829 2474 915 2559 apud
937 2476 970 2538 te
993 2478 1110 2560 postea
1131 2473 1232 2554 luite·

196 2579 293 2642 eques
315 2558 496 2644 Romanus,
524 2564 617 2626 tanta
645 2565 777 2647 accepta
802 2562 996 2646 ignominia,
1022 2561 1199 2646 namquid

196 2650 247 2713 est
263 2648 392 2734 turpius
414 2649 564 2735 ingenuo,
588 2650 665 2734 quid
688 2651 794 2714 minus
818 2650 921 2716 libero
945 2651 1080 2736 dignum
1105 2673 1199 2735 quam

194 2735 229 2801 in
243 2740 403 2803 conventu
417 2737 559 2803 maximo
573 2739 647 2823 cogi
660 2760 680 2803 a
693 2739 891 2824 magistratu
903 2738 1030 2803 furtum
1047 2739 1198 2804 reddere?

195 2825 298 2910 quisi
316 2847 354 2891 eo
374 2825 482 2890 animo
502 2830 596 2911 esset,
619 2848 683 2910 quo
700 2848 768 2893 non
785 2827 881 2892 modo
905 2848 1003 2911 eques
1025 2827 1199 2910 Romanus,

195 2913 251 2979 sed
281 2913 387 2998 quivis
414 2914 498 2979 liber
525 2914 621 2979 debet
650 2935 732 3000 esse,
765 2915 907 3001 aspicere
935 2919 968 2980 te
994 2920 1112 3000 postea
1137 2932 1231 2982 nono

194 3001 369 3088 potuisset,
393 3002 556 3088 inimicus,
578 3003 685 3068 hostis
708 3007 795 3068 esset
816 3006 911 3069 tanta
933 3005 1132 3070 contumelia
1154 3027 1200 3070 ao

194 3094 302 3175 cepta,
323 3089 388 3155 nisi
410 3094 518 3157 tecum
540 3094 611 3157 tum
634 3092 828 3158 conlusisset
851 3096 884 3156 et
906 3096 982 3158 tuae
1004 3093 1117 3178 potius
1141 3093 1200 3158 exi·

195 3179 377 3244 stimationi
404 3182 557 3246 servisset
585 3202 683 3264 quam
706 3201 791 3245 suae.
832 3178 895 3256 Qui
918 3203 1015 3266 quam
1038 3181 1102 3247 tibi
1126 3183 1200 3248 ami·

194 3288 250 3331 cus
280 3288 348 3333 uon
379 3268 474 3333 modo
502 3273 571 3333 tam
599 3268 654 3333 diu
682 3268 794 3353 fuerit,
827 3290 925 3353 quam
952 3270 1006 3335 diu
1033 3273 1143 3336 tecum
1168 3271 1200 3335 in

193 3355 360 3435 provincia
390 3354 467 3439 fuit,
499 3378 611 3421 verum
643 3356 741 3422 etiam
773 3378 858 3422 nunc
891 3358 948 3441 sit,
980 3380 1053 3423 cum
1085 3359 1154 3424 iam
1181 3373 1232 3424 au

193 3440 308 3504 ceteris
325 3441 437 3505 amicis
460 3443 593 3508 relictus
616 3465 660 3526 es,
683 3448 717 3509 et
739 3447 776 3507 tu
798 3445 974 3532 intellegis,
998 3450 1031 3510 et
1053 3468 1114 3512 nos
1139 3448 1198 3512 exi·

192 3525 327 3588 stimare
354 3549 534 3609 possumus.
582 3530 636 3594 An
662 3530 723 3596 hoc
749 3531 855 3596 solum
884 3537 1114 3619 argumentum
1143 3541 1197 3619 est,

142 2440 186 2569 e
