<?xml version="1.0" encoding="UTF-8"?>
<!DOCTYPE html PUBLIC "-//W3C//DTD XHTML 1.0 Transitional//EN"
    "http://www.w3.org/TR/xhtml1/DTD/xhtml1-transitional.dtd">
<html xmlns="http://www.w3.org/1999/xhtml" xml:lang="en" lang="en">
 <head>
  <title>
</title>
<meta http-equiv="Content-Type" content="text/html;charset=utf-8" />
  <meta name='ocr-system' content='tesseract 3.04.00' />
  <meta name='ocr-capabilities' content='ocr_page ocr_carea ocr_par ocr_line ocrx_word'/>
</head>
<body>
  <div class='ocr_page' id='page_1' title='image "./scriptaquaemans01mullgoog_0606.png"; bbox 0 0 2622 3884; ppageno 0'>
   <div class='ocr_carea' id='block_1_1' title="bbox 353 181 1123 248">
    <p class='ocr_par' dir='ltr' id='par_1_1' title="bbox 353 181 1123 248">
     <span class='ocr_line' id='line_1_1' title="bbox 353 181 1123 248; baseline 0.016 -13"><span class='ocrx_word' id='word_1_1' title='bbox 353 181 460 236; x_wconf 59' lang='grc' dir='ltr'><strong>ΜΒΝ</strong></span> <span class='ocrx_word' id='word_1_2' title='bbox 492 181 568 237; x_wconf 71' lang='grc' dir='ltr'><strong>οΑΡ.</strong></span> <span class='ocrx_word' id='word_1_3' title='bbox 587 187 691 237; x_wconf 76' lang='lat' dir='ltr'><strong>ea-ee</strong></span> <span class='ocrx_word' id='word_1_4' title='bbox 711 188 725 248; x_wconf 71' lang='lat' dir='ltr'><strong>s</strong></span> <span class='ocrx_word' id='word_1_5' title='bbox 746 188 893 238; x_wconf 73' lang='lat' dir='ltr'><strong>rer-rea</strong></span> <span class='ocrx_word' id='word_1_6' title='bbox 1060 184 1123 246; x_wconf 88' lang='grc'><strong>491</strong></span> 
     </span>
    </p>
   </div>
   <div class='ocr_carea' id='block_1_2' title="bbox 24 320 1180 3576">
    <p class='ocr_par' dir='ltr' id='par_1_2' title="bbox 24 320 1180 3576">
     <span class='ocr_line' id='line_1_2' title="bbox 24 320 1126 409; baseline 0.001 -19"><span class='ocrx_word' id='word_1_7' title='bbox 24 320 26 408; x_wconf 57' lang='lat' dir='ltr'><em>f</em></span> <span class='ocrx_word' id='word_1_8' title='bbox 122 325 305 391; x_wconf 87' lang='lat' dir='ltr'><strong>Romanum</strong></span> <span class='ocrx_word' id='word_1_9' title='bbox 328 347 363 390; x_wconf 89' lang='lat' dir='ltr'><strong>se</strong></span> <span class='ocrx_word' id='word_1_10' title='bbox 385 345 455 390; x_wconf 91' lang='lat' dir='ltr'><strong>esse</strong></span> <span class='ocrx_word' id='word_1_11' title='bbox 479 325 614 390; x_wconf 87' lang='lat' dir='ltr'><strong>dicebat.</strong></span> <span class='ocrx_word' id='word_1_12' title='bbox 652 323 687 389; x_wconf 84' lang='lat' dir='ltr'><strong>Si</strong></span> <span class='ocrx_word' id='word_1_13' title='bbox 708 330 747 390; x_wconf 88' lang='lat' dir='ltr'><strong>tn</strong></span> <span class='ocrx_word' id='word_1_14' title='bbox 769 325 855 409; x_wconf 89' lang='lat' dir='ltr'><strong>apud</strong></span> <span class='ocrx_word' id='word_1_15' title='bbox 872 325 988 391; x_wconf 82' lang='lat' dir='ltr'><strong>Persas</strong></span> <span class='ocrx_word' id='word_1_16' title='bbox 1013 326 1126 391; x_wconf 87' lang='lat' dir='ltr'><strong>autin</strong></span> 
     </span>
     <span class='ocr_line' id='line_1_3' title="bbox 124 412 1126 500; baseline 0.001 -22"><span class='ocrx_word' id='word_1_17' title='bbox 124 418 267 478; x_wconf 88' lang='lat' dir='ltr'><strong>extrema</strong></span> <span class='ocrx_word' id='word_1_18' title='bbox 307 413 400 478; x_wconf 80' lang='lat' dir='ltr'>India</span> <span class='ocrx_word' id='word_1_19' title='bbox 443 413 630 497; x_wconf 88' lang='lat' dir='ltr'><strong>deprensus,</strong></span> <span class='ocrx_word' id='word_1_20' title='bbox 670 412 803 497; x_wconf 87' lang='lat' dir='ltr'>Verres,</span> <span class='ocrx_word' id='word_1_21' title='bbox 846 415 888 478; x_wconf 87' lang='lat' dir='ltr'><strong>ad</strong></span> <span class='ocrx_word' id='word_1_22' title='bbox 931 413 1126 500; x_wconf 89' lang='lat' dir='ltr'><strong>supplicium</strong></span> 
     </span>
     <span class='ocr_line' id='line_1_4' title="bbox 124 500 1126 586; baseline -0.001 -19"><span class='ocrx_word' id='word_1_23' title='bbox 124 502 286 586; x_wconf 86' lang='lat' dir='ltr'><strong>ducerere,</strong></span> <span class='ocrx_word' id='word_1_24' title='bbox 318 501 395 586; x_wconf 88' lang='lat' dir='ltr'><strong>quid</strong></span> <span class='ocrx_word' id='word_1_25' title='bbox 427 500 515 566; x_wconf 89' lang='lat' dir='ltr'><strong>aliud</strong></span> <span class='ocrx_word' id='word_1_26' title='bbox 543 501 742 585; x_wconf 91' lang='lat' dir='ltr'><strong>clamitares,</strong></span> <span class='ocrx_word' id='word_1_27' title='bbox 773 502 837 566; x_wconf 91' lang='lat' dir='ltr'><strong>nisi</strong></span> <span class='ocrx_word' id='word_1_28' title='bbox 863 507 897 567; x_wconf 92' lang='lat' dir='ltr'><strong>te</strong></span> <span class='ocrx_word' id='word_1_29' title='bbox 924 503 1027 576; x_wconf 84' lang='lat' dir='ltr'><strong>civem</strong></span> <span class='ocrx_word' id='word_1_30' title='bbox 1056 524 1126 567; x_wconf 90' lang='lat' dir='ltr'><strong>esse</strong></span> 
     </span>
     <span class='ocr_line' id='line_1_5' title="bbox 122 588 1126 675; baseline 0 -20"><span class='ocrx_word' id='word_1_31' title='bbox 122 589 328 655; x_wconf 83' lang='lat' dir='ltr'><strong>Romanum?</strong></span> <span class='ocrx_word' id='word_1_32' title='bbox 351 593 393 671; x_wconf 89' lang='lat' dir='ltr'><strong>et,</strong></span> <span class='ocrx_word' id='word_1_33' title='bbox 415 588 444 653; x_wconf 85' lang='lat' dir='ltr'><strong>si</strong></span> <span class='ocrx_word' id='word_1_34' title='bbox 462 588 524 653; x_wconf 92' lang='lat' dir='ltr'><strong>tibi</strong></span> <span class='ocrx_word' id='word_1_35' title='bbox 541 589 655 673; x_wconf 83' lang='lat' dir='ltr'><strong>ignoto</strong></span> <span class='ocrx_word' id='word_1_36' title='bbox 675 589 760 673; x_wconf 83' lang='lat' dir='ltr'><strong>apud</strong></span> <span class='ocrx_word' id='word_1_37' title='bbox 782 589 922 674; x_wconf 84' lang='lat' dir='ltr'><strong>ignotos,</strong></span> <span class='ocrx_word' id='word_1_38' title='bbox 945 590 1031 675; x_wconf 89' lang='lat' dir='ltr'><strong>apud</strong></span> <span class='ocrx_word' id='word_1_39' title='bbox 1053 592 1126 656; x_wconf 90' lang='lat' dir='ltr'><strong>bar-</strong></span> 
     </span>
     <span class='ocr_line' id='line_1_6' title="bbox 96 676 1125 764; baseline 0.007 -27"><span class='ocrx_word' id='word_1_40' title='bbox 96 679 235 763; x_wconf 81' lang='lat' dir='ltr'><strong>sbaros,</strong></span> <span class='ocrx_word' id='word_1_41' title='bbox 262 677 348 762; x_wconf 90' lang='lat' dir='ltr'><strong>apud</strong></span> <span class='ocrx_word' id='word_1_42' title='bbox 373 677 522 742; x_wconf 91' lang='lat' dir='ltr'><strong>homines</strong></span> <span class='ocrx_word' id='word_1_43' title='bbox 548 677 584 741; x_wconf 94' lang='lat' dir='ltr'><strong>in</strong></span> <span class='ocrx_word' id='word_1_44' title='bbox 606 676 758 741; x_wconf 76' lang='lat' dir='ltr'><strong>extremis</strong></span> <span class='ocrx_word' id='word_1_45' title='bbox 781 682 878 759; x_wconf 88' lang='lat' dir='ltr'><strong>atque</strong></span> <span class='ocrx_word' id='word_1_46' title='bbox 900 678 1025 743; x_wconf 78' lang='lat' dir='ltr'><strong>ultimis</strong></span> <span class='ocrx_word' id='word_1_47' title='bbox 1050 700 1125 764; x_wconf 85' lang='lat' dir='ltr'><strong>gen-</strong></span> 
     </span>
     <span class='ocr_line' id='line_1_7' title="bbox 123 764 1127 851; baseline 0.001 -20"><span class='ocrx_word' id='word_1_48' title='bbox 123 767 211 831; x_wconf 88' lang='lat' dir='ltr'><strong>tibus</strong></span> <span class='ocrx_word' id='word_1_49' title='bbox 243 766 369 851; x_wconf 75' lang='lat' dir='ltr'><strong>positos</strong></span> <span class='ocrx_word' id='word_1_50' title='bbox 400 764 510 829; x_wconf 88' lang='lat' dir='ltr'><strong>nobile</strong></span> <span class='ocrx_word' id='word_1_51' title='bbox 543 769 576 829; x_wconf 90' lang='lat' dir='ltr'><strong>et</strong></span> <span class='ocrx_word' id='word_1_52' title='bbox 602 765 729 828; x_wconf 73' lang='lat' dir='ltr'><strong>illustre</strong></span> <span class='ocrx_word' id='word_1_53' title='bbox 757 765 843 849; x_wconf 90' lang='lat' dir='ltr'><strong>apud</strong></span> <span class='ocrx_word' id='word_1_54' title='bbox 870 787 980 831; x_wconf 88' lang='lat' dir='ltr'><strong>omnes</strong></span> <span class='ocrx_word' id='word_1_55' title='bbox 1007 788 1127 832; x_wconf 90' lang='lat' dir='ltr'><strong>nomen</strong></span> 
     </span>
     <span class='ocr_line' id='line_1_8' title="bbox 124 852 1127 937; baseline 0 -18"><span class='ocrx_word' id='word_1_56' title='bbox 124 854 266 920; x_wconf 85' lang='lat' dir='ltr'><strong>civitatis</strong></span> <span class='ocrx_word' id='word_1_57' title='bbox 289 857 365 918; x_wconf 88' lang='lat' dir='ltr'><strong>tuae</strong></span> <span class='ocrx_word' id='word_1_58' title='bbox 387 852 575 937; x_wconf 85' lang='lat' dir='ltr'><strong>profuisset,</strong></span> <span class='ocrx_word' id='word_1_59' title='bbox 602 852 672 936; x_wconf 90' lang='lat' dir='ltr'><strong>ille,</strong></span> <span class='ocrx_word' id='word_1_60' title='bbox 696 852 841 936; x_wconf 88' lang='lat' dir='ltr'><strong>quisquis</strong></span> <span class='ocrx_word' id='word_1_61' title='bbox 865 857 948 937; x_wconf 88' lang='lat' dir='ltr'><strong>erat,</strong></span> <span class='ocrx_word' id='word_1_62' title='bbox 972 875 1066 937; x_wconf 90' lang='lat' dir='ltr'><strong>quem</strong></span> <span class='ocrx_word' id='word_1_63' title='bbox 1089 859 1127 919; x_wconf 90' lang='lat' dir='ltr'><strong>tu</strong></span> 
     </span>
     <span class='ocr_line' id='line_1_9' title="bbox 122 940 1126 1026; baseline -0.001 -19"><span class='ocrx_word' id='word_1_64' title='bbox 122 943 157 1007; x_wconf 92' lang='lat' dir='ltr'><strong>in</strong></span> <span class='ocrx_word' id='word_1_65' title='bbox 176 964 302 1007; x_wconf 90' lang='lat' dir='ltr'><strong>crucem</strong></span> <span class='ocrx_word' id='word_1_66' title='bbox 319 941 479 1026; x_wconf 79' lang='lat' dir='ltr'><strong>rapiebas,</strong></span> <span class='ocrx_word' id='word_1_67' title='bbox 503 941 558 1024; x_wconf 91' lang='lat' dir='ltr'><strong>qui</strong></span> <span class='ocrx_word' id='word_1_68' title='bbox 575 940 638 1005; x_wconf 92' lang='lat' dir='ltr'><strong>tibi</strong></span> <span class='ocrx_word' id='word_1_69' title='bbox 657 945 742 1005; x_wconf 88' lang='lat' dir='ltr'><strong>esset</strong></span> <span class='ocrx_word' id='word_1_70' title='bbox 764 941 905 1026; x_wconf 82' lang='lat' dir='ltr'><strong>ignotus,</strong></span> <span class='ocrx_word' id='word_1_71' title='bbox 928 963 1002 1006; x_wconf 93' lang='lat' dir='ltr'><strong>cum</strong></span> <span class='ocrx_word' id='word_1_72' title='bbox 1024 942 1126 1008; x_wconf 81' lang='lat' dir='ltr'><strong>civem</strong></span> 
     </span>
     <span class='ocr_line' id='line_1_10' title="bbox 124 1029 1127 1113; baseline -0.001 -18"><span class='ocrx_word' id='word_1_73' title='bbox 124 1053 157 1095; x_wconf 87' lang='lat' dir='ltr'><strong>se</strong></span> <span class='ocrx_word' id='word_1_74' title='bbox 180 1030 363 1095; x_wconf 87' lang='lat' dir='ltr'><strong>Romanum</strong></span> <span class='ocrx_word' id='word_1_75' title='bbox 387 1050 458 1094; x_wconf 89' lang='lat' dir='ltr'><strong>esse</strong></span> <span class='ocrx_word' id='word_1_76' title='bbox 481 1029 613 1112; x_wconf 88' lang='lat' dir='ltr'><strong>diceret,</strong></span> <span class='ocrx_word' id='word_1_77' title='bbox 641 1029 727 1113; x_wconf 86' lang='lat' dir='ltr'><strong>apud</strong></span> <span class='ocrx_word' id='word_1_78' title='bbox 748 1033 782 1093; x_wconf 91' lang='lat' dir='ltr'><strong>te</strong></span> <span class='ocrx_word' id='word_1_79' title='bbox 804 1032 988 1113; x_wconf 76' lang='lat' dir='ltr'><strong>praetorem</strong></span> <span class='ocrx_word' id='word_1_80' title='bbox 1012 1029 1040 1094; x_wconf 78' lang='lat' dir='ltr'><strong>ri</strong></span> <span class='ocrx_word' id='word_1_81' title='bbox 1061 1051 1127 1094; x_wconf 92' lang='lat' dir='ltr'><strong>non</strong></span> 
     </span>
     <span class='ocr_line' id='line_1_11' title="bbox 83 1116 1127 1204; baseline 0.004 -26"><span class='ocrx_word' id='word_1_82' title='bbox 83 1139 110 1179; x_wconf 81' lang='grc' dir='ltr'><strong>ιο</strong></span> <span class='ocrx_word' id='word_1_83' title='bbox 125 1119 292 1204; x_wconf 86' lang='lat' dir='ltr'><strong>effugium,</strong></span> <span class='ocrx_word' id='word_1_84' title='bbox 318 1139 360 1182; x_wconf 92' lang='lat' dir='ltr'><strong>ne</strong></span> <span class='ocrx_word' id='word_1_85' title='bbox 386 1138 512 1182; x_wconf 88' lang='lat' dir='ltr'><strong>moram</strong></span> <span class='ocrx_word' id='word_1_86' title='bbox 540 1117 668 1200; x_wconf 89' lang='lat' dir='ltr'><strong>quidem</strong></span> <span class='ocrx_word' id='word_1_87' title='bbox 695 1116 810 1182; x_wconf 85' lang='lat' dir='ltr'><strong>mortis</strong></span> <span class='ocrx_word' id='word_1_88' title='bbox 838 1116 1002 1181; x_wconf 88' lang='lat' dir='ltr'><strong>mentione</strong></span> <span class='ocrx_word' id='word_1_89' title='bbox 1029 1120 1127 1201; x_wconf 87' lang='lat' dir='ltr'><strong>atque</strong></span> 
     </span>
     <span class='ocr_line' id='line_1_12' title="bbox 122 1204 1108 1290; baseline -0.002 -19"><span class='ocrx_word' id='word_1_90' title='bbox 122 1206 334 1290; x_wconf 85' lang='lat' dir='ltr'><strong>usurpatione</strong></span> <span class='ocrx_word' id='word_1_91' title='bbox 348 1205 490 1271; x_wconf 82' lang='lat' dir='ltr'><strong>civitatis</strong></span> <span class='ocrx_word' id='word_1_92' title='bbox 505 1205 634 1288; x_wconf 86' lang='lat' dir='ltr'><strong>assequi</strong></span> <span class='ocrx_word' id='word_1_93' title='bbox 651 1204 781 1290; x_wconf 78' lang='lat' dir='ltr'><strong>potuit?</strong></span> <span class='ocrx_word' id='word_1_94' title='bbox 820 1205 977 1270; x_wconf 88' lang='lat' dir='ltr'><strong>Homines</strong></span> <span class='ocrx_word' id='word_1_95' title='bbox 996 1209 1108 1270; x_wconf 88' lang='lat' dir='ltr'><strong>tenues</strong></span> 
     </span>
     <span class='ocr_line' id='line_1_13' title="bbox 123 1293 1127 1379; baseline -0.002 -20"><span class='ocrx_word' id='word_1_96' title='bbox 123 1295 260 1360; x_wconf 90' lang='lat' dir='ltr'><strong>obscuro</strong></span> <span class='ocrx_word' id='word_1_97' title='bbox 282 1295 354 1359; x_wconf 92' lang='lat' dir='ltr'><strong>loco</strong></span> <span class='ocrx_word' id='word_1_98' title='bbox 376 1293 447 1358; x_wconf 91' lang='lat' dir='ltr'><strong>nati</strong></span> <span class='ocrx_word' id='word_1_99' title='bbox 469 1293 638 1379; x_wconf 81' lang='lat' dir='ltr'><strong>navigant,</strong></span> <span class='ocrx_word' id='word_1_100' title='bbox 667 1293 786 1357; x_wconf 90' lang='lat' dir='ltr'><strong>adeunt</strong></span> <span class='ocrx_word' id='word_1_101' title='bbox 809 1293 850 1358; x_wconf 88' lang='lat' dir='ltr'><strong>ad</strong></span> <span class='ocrx_word' id='word_1_102' title='bbox 873 1315 911 1358; x_wconf 90' lang='lat' dir='ltr'><strong>ea</strong></span> <span class='ocrx_word' id='word_1_103' title='bbox 933 1293 1018 1376; x_wconf 88' lang='lat' dir='ltr'><strong>loca,</strong></span> <span class='ocrx_word' id='word_1_104' title='bbox 1044 1314 1127 1378; x_wconf 89' lang='lat' dir='ltr'><strong>quae</strong></span> 
     </span>
     <span class='ocr_line' id='line_1_14' title="bbox 121 1380 1126 1467; baseline -0.001 -20"><span class='ocrx_word' id='word_1_105' title='bbox 121 1404 299 1467; x_wconf 86' lang='lat' dir='ltr'><strong>numquam</strong></span> <span class='ocrx_word' id='word_1_106' title='bbox 319 1386 414 1447; x_wconf 88' lang='lat' dir='ltr'><strong>antea</strong></span> <span class='ocrx_word' id='word_1_107' title='bbox 431 1381 589 1465; x_wconf 79' lang='lat' dir='ltr'><strong>viderunt,</strong></span> <span class='ocrx_word' id='word_1_108' title='bbox 613 1380 670 1446; x_wconf 91' lang='lat' dir='ltr'><strong>ubi</strong></span> <span class='ocrx_word' id='word_1_109' title='bbox 686 1403 791 1465; x_wconf 88' lang='lat' dir='ltr'><strong>neque</strong></span> <span class='ocrx_word' id='word_1_110' title='bbox 808 1382 880 1446; x_wconf 88' lang='lat' dir='ltr'><strong>noti</strong></span> <span class='ocrx_word' id='word_1_111' title='bbox 899 1403 968 1446; x_wconf 90' lang='lat' dir='ltr'><strong>esse</strong></span> <span class='ocrx_word' id='word_1_112' title='bbox 988 1382 1039 1466; x_wconf 88' lang='lat' dir='ltr'><strong>iis,</strong></span> <span class='ocrx_word' id='word_1_113' title='bbox 1063 1403 1126 1465; x_wconf 91' lang='lat' dir='ltr'><strong>quo</strong></span> 
     </span>
     <span class='ocr_line' id='line_1_15' title="bbox 122 1469 1126 1555; baseline -0.002 -19"><span class='ocrx_word' id='word_1_114' title='bbox 122 1475 288 1553; x_wconf 88' lang='lat' dir='ltr'><strong>venerunt,</strong></span> <span class='ocrx_word' id='word_1_115' title='bbox 306 1491 409 1554; x_wconf 90' lang='lat' dir='ltr'><strong>neque</strong></span> <span class='ocrx_word' id='word_1_116' title='bbox 425 1491 552 1552; x_wconf 89' lang='lat' dir='ltr'><strong>semper</strong></span> <span class='ocrx_word' id='word_1_117' title='bbox 566 1491 639 1532; x_wconf 90' lang='lat' dir='ltr'><strong>cum</strong></span> <span class='ocrx_word' id='word_1_118' title='bbox 653 1469 875 1554; x_wconf 85' lang='lat' dir='ltr'><strong>cognitoribus</strong></span> <span class='ocrx_word' id='word_1_119' title='bbox 892 1491 963 1534; x_wconf 91' lang='lat' dir='ltr'><strong>esse</strong></span> <span class='ocrx_word' id='word_1_120' title='bbox 980 1475 1126 1555; x_wconf 89' lang='lat' dir='ltr'><strong>possunt.</strong></span> 
     </span>
     <span class='ocr_line' id='line_1_16' title="bbox 83 1557 1125 1643; baseline 0.006 -27"><span class='ocrx_word' id='word_1_121' title='bbox 83 1577 109 1617; x_wconf 79' lang='lat' dir='ltr'><strong>re</strong></span> <span class='ocrx_word' id='word_1_122' title='bbox 122 1557 193 1623; x_wconf 91' lang='lat' dir='ltr'><strong>Hac</strong></span> <span class='ocrx_word' id='word_1_123' title='bbox 206 1580 271 1622; x_wconf 86' lang='lat' dir='ltr'><strong>una</strong></span> <span class='ocrx_word' id='word_1_124' title='bbox 284 1562 395 1622; x_wconf 87' lang='lat' dir='ltr'><strong>tamen</strong></span> <span class='ocrx_word' id='word_1_125' title='bbox 408 1557 525 1620; x_wconf 88' lang='lat' dir='ltr'><strong>fiducia</strong></span> <span class='ocrx_word' id='word_1_126' title='bbox 539 1557 681 1621; x_wconf 89' lang='lat' dir='ltr'><strong>civitatis</strong></span> <span class='ocrx_word' id='word_1_127' title='bbox 695 1579 761 1621; x_wconf 91' lang='lat' dir='ltr'><strong>non</strong></span> <span class='ocrx_word' id='word_1_128' title='bbox 775 1558 872 1622; x_wconf 92' lang='lat' dir='ltr'><strong>modo</strong></span> <span class='ocrx_word' id='word_1_129' title='bbox 891 1558 977 1643; x_wconf 85' lang='lat' dir='ltr'><strong>apud</strong></span> <span class='ocrx_word' id='word_1_130' title='bbox 994 1562 1125 1624; x_wconf 90' lang='lat' dir='ltr'><strong>nostros</strong></span> 
     </span>
     <span class='ocr_line' id='line_1_17' title="bbox 123 1644 1126 1731; baseline 0 -21"><span class='ocrx_word' id='word_1_131' title='bbox 123 1645 349 1731; x_wconf 83' lang='lat' dir='ltr'><strong>magistratus,</strong></span> <span class='ocrx_word' id='word_1_132' title='bbox 377 1644 432 1728; x_wconf 89' lang='lat' dir='ltr'><strong>qui</strong></span> <span class='ocrx_word' id='word_1_133' title='bbox 460 1647 493 1708; x_wconf 89' lang='lat' dir='ltr'><strong>et</strong></span> <span class='ocrx_word' id='word_1_134' title='bbox 519 1644 630 1729; x_wconf 83' lang='lat' dir='ltr'><strong>legum</strong></span> <span class='ocrx_word' id='word_1_135' title='bbox 656 1648 688 1708; x_wconf 90' lang='lat' dir='ltr'><strong>et</strong></span> <span class='ocrx_word' id='word_1_136' title='bbox 712 1645 960 1710; x_wconf 81' lang='lat' dir='ltr'><strong>existimationis</strong></span> <span class='ocrx_word' id='word_1_137' title='bbox 982 1647 1126 1728; x_wconf 89' lang='lat' dir='ltr'><strong>periculo</strong></span> 
     </span>
     <span class='ocr_line' id='line_1_18' title="bbox 123 1731 1127 1816; baseline -0.001 -17"><span class='ocrx_word' id='word_1_138' title='bbox 123 1733 342 1815; x_wconf 86' lang='lat' dir='ltr'><strong>continentur,</strong></span> <span class='ocrx_word' id='word_1_139' title='bbox 373 1753 477 1815; x_wconf 90' lang='lat' dir='ltr'><strong>neque</strong></span> <span class='ocrx_word' id='word_1_140' title='bbox 504 1732 589 1814; x_wconf 87' lang='lat' dir='ltr'><strong>apud</strong></span> <span class='ocrx_word' id='word_1_141' title='bbox 616 1731 701 1796; x_wconf 89' lang='lat' dir='ltr'><strong>cives</strong></span> <span class='ocrx_word' id='word_1_142' title='bbox 729 1732 836 1797; x_wconf 91' lang='lat' dir='ltr'><strong>solum</strong></span> <span class='ocrx_word' id='word_1_143' title='bbox 863 1732 1040 1816; x_wconf 87' lang='lat' dir='ltr'><strong>Romanos,</strong></span> <span class='ocrx_word' id='word_1_144' title='bbox 1072 1734 1127 1816; x_wconf 89' lang='lat' dir='ltr'><strong>qui</strong></span> 
     </span>
     <span class='ocr_line' id='line_1_19' title="bbox 123 1819 1127 1886; baseline 0 -1"><span class='ocrx_word' id='word_1_145' title='bbox 123 1827 156 1886; x_wconf 91' lang='lat' dir='ltr'><strong>et</strong></span> <span class='ocrx_word' id='word_1_146' title='bbox 191 1819 349 1884; x_wconf 86' lang='lat' dir='ltr'><strong>sermonis</strong></span> <span class='ocrx_word' id='word_1_147' title='bbox 382 1823 415 1884; x_wconf 91' lang='lat' dir='ltr'><strong>ct</strong></span> <span class='ocrx_word' id='word_1_148' title='bbox 445 1819 525 1882; x_wconf 90' lang='lat' dir='ltr'><strong>iuris</strong></span> <span class='ocrx_word' id='word_1_149' title='bbox 558 1822 591 1883; x_wconf 91' lang='lat' dir='ltr'><strong>et</strong></span> <span class='ocrx_word' id='word_1_150' title='bbox 622 1820 799 1883; x_wconf 91' lang='lat' dir='ltr'><strong>multarum</strong></span> <span class='ocrx_word' id='word_1_151' title='bbox 829 1841 939 1883; x_wconf 89' lang='lat' dir='ltr'><strong>rerum</strong></span> <span class='ocrx_word' id='word_1_152' title='bbox 971 1820 1127 1885; x_wconf 87' lang='lat' dir='ltr'><strong>societate</strong></span> 
     </span>
     <span class='ocr_line' id='line_1_20' title="bbox 122 1905 1127 1992; baseline -0.002 -18"><span class='ocrx_word' id='word_1_153' title='bbox 122 1909 225 1974; x_wconf 90' lang='lat' dir='ltr'><strong>iuncti</strong></span> <span class='ocrx_word' id='word_1_154' title='bbox 243 1911 327 1990; x_wconf 91' lang='lat' dir='ltr'><strong>sunt,</strong></span> <span class='ocrx_word' id='word_1_155' title='bbox 349 1905 420 1971; x_wconf 83' lang='lat' dir='ltr'><strong>fore</strong></span> <span class='ocrx_word' id='word_1_156' title='bbox 438 1928 473 1971; x_wconf 93' lang='lat' dir='ltr'><strong>se</strong></span> <span class='ocrx_word' id='word_1_157' title='bbox 490 1909 580 1971; x_wconf 87' lang='lat' dir='ltr'><strong>tutos</strong></span> <span class='ocrx_word' id='word_1_158' title='bbox 604 1907 814 1990; x_wconf 87' lang='lat' dir='ltr'><strong>arbitrantur,</strong></span> <span class='ocrx_word' id='word_1_159' title='bbox 837 1907 902 1990; x_wconf 90' lang='lat' dir='ltr'><strong>sed,</strong></span> <span class='ocrx_word' id='word_1_160' title='bbox 926 1929 1127 1992; x_wconf 88' lang='lat' dir='ltr'><strong>quocumque</strong></span> 
     </span>
     <span class='ocr_line' id='line_1_21' title="bbox 83 1994 1126 2080; baseline 0.003 -23"><span class='ocrx_word' id='word_1_161' title='bbox 83 2016 109 2057; x_wconf 81' lang='lat' dir='ltr'><strong>ao</strong></span> <span class='ocrx_word' id='word_1_162' title='bbox 123 1996 279 2080; x_wconf 89' lang='lat' dir='ltr'><strong>venerint,</strong></span> <span class='ocrx_word' id='word_1_163' title='bbox 293 1995 377 2060; x_wconf 90' lang='lat' dir='ltr'><strong>hanc</strong></span> <span class='ocrx_word' id='word_1_164' title='bbox 389 1994 452 2058; x_wconf 88' lang='lat' dir='ltr'><strong>sibi</strong></span> <span class='ocrx_word' id='word_1_165' title='bbox 463 2015 531 2058; x_wconf 89' lang='lat' dir='ltr'><strong>rem</strong></span> <span class='ocrx_word' id='word_1_166' title='bbox 543 1994 705 2078; x_wconf 88' lang='lat' dir='ltr'><strong>praesidio</strong></span> <span class='ocrx_word' id='word_1_167' title='bbox 718 1998 852 2079; x_wconf 89' lang='lat' dir='ltr'><strong>sperant</strong></span> <span class='ocrx_word' id='word_1_168' title='bbox 864 1997 960 2076; x_wconf 89' lang='lat' dir='ltr'><strong>[esse]</strong></span> <span class='ocrx_word' id='word_1_169' title='bbox 973 1995 1126 2062; x_wconf 87' lang='lat' dir='ltr'><strong>futuram.</strong></span> 
     </span>
     <span class='ocr_line' id='line_1_22' title="bbox 123 2081 1180 2166; baseline 0 -18"><span class='ocrx_word' id='word_1_170' title='bbox 123 2084 215 2150; x_wconf 84' lang='lat' dir='ltr'><strong>Tolle</strong></span> <span class='ocrx_word' id='word_1_171' title='bbox 242 2084 326 2148; x_wconf 88' lang='lat' dir='ltr'><strong>hanc</strong></span> <span class='ocrx_word' id='word_1_172' title='bbox 354 2104 457 2166; x_wconf 88' lang='lat' dir='ltr'><strong>spem,</strong></span> <span class='ocrx_word' id='word_1_173' title='bbox 485 2082 566 2146; x_wconf 93' lang='lat' dir='ltr'><strong>tolle</strong></span> <span class='ocrx_word' id='word_1_174' title='bbox 592 2081 654 2146; x_wconf 93' lang='lat' dir='ltr'><strong>hoc</strong></span> <span class='ocrx_word' id='word_1_175' title='bbox 680 2083 877 2166; x_wconf 82' lang='lat' dir='ltr'><strong>praesidium</strong></span> <span class='ocrx_word' id='word_1_176' title='bbox 899 2082 1023 2148; x_wconf 88' lang='lat' dir='ltr'><strong>civibus</strong></span> <span class='ocrx_word' id='word_1_177' title='bbox 1046 2084 1109 2148; x_wconf 79' lang='lat' dir='ltr'><strong>Ro</strong></span> <span class='ocrx_word' id='word_1_178' title='bbox 1128 2097 1180 2148; x_wconf 79' lang='lat'><strong>168</strong></span> 
     </span>
     <span class='ocr_line' id='line_1_23' title="bbox 122 2169 1125 2256; baseline -0.002 -18"><span class='ocrx_word' id='word_1_179' title='bbox 122 2172 241 2256; x_wconf 90' lang='lat' dir='ltr'><strong>manis,</strong></span> <span class='ocrx_word' id='word_1_180' title='bbox 269 2171 430 2236; x_wconf 85' lang='lat' dir='ltr'><strong>constitue</strong></span> <span class='ocrx_word' id='word_1_181' title='bbox 452 2169 534 2233; x_wconf 93' lang='lat' dir='ltr'><strong>nihil</strong></span> <span class='ocrx_word' id='word_1_182' title='bbox 557 2190 627 2233; x_wconf 89' lang='lat' dir='ltr'><strong>esse</strong></span> <span class='ocrx_word' id='word_1_183' title='bbox 650 2170 721 2253; x_wconf 89' lang='lat' dir='ltr'><strong>opis</strong></span> <span class='ocrx_word' id='word_1_184' title='bbox 744 2171 779 2234; x_wconf 94' lang='lat' dir='ltr'><strong>in</strong></span> <span class='ocrx_word' id='word_1_185' title='bbox 800 2170 862 2235; x_wconf 89' lang='lat' dir='ltr'><strong>hac</strong></span> <span class='ocrx_word' id='word_1_186' title='bbox 883 2191 976 2236; x_wconf 81' lang='lat' dir='ltr'><strong>voce:</strong></span> <span class='ocrx_word' id='word_1_187' title='bbox 1005 2170 1125 2237; x_wconf 74' lang='lat' dir='ltr'><strong>‘Civis</strong></span> 
     </span>
     <span class='ocr_line' id='line_1_24' title="bbox 122 2256 1125 2341; baseline -0.001 -16"><span class='ocrx_word' id='word_1_188' title='bbox 122 2261 314 2325; x_wconf 84' lang='lat' dir='ltr'><strong>Romanus</strong></span> <span class='ocrx_word' id='word_1_189' title='bbox 338 2256 444 2339; x_wconf 91' lang='lat' dir='ltr'><strong>sum’,</strong></span> <span class='ocrx_word' id='word_1_190' title='bbox 467 2279 562 2341; x_wconf 88' lang='lat' dir='ltr'><strong>posse</strong></span> <span class='ocrx_word' id='word_1_191' title='bbox 584 2257 715 2341; x_wconf 91' lang='lat' dir='ltr'><strong>impune</strong></span> <span class='ocrx_word' id='word_1_192' title='bbox 738 2261 921 2341; x_wconf 86' lang='lat' dir='ltr'><strong>praetorem</strong></span> <span class='ocrx_word' id='word_1_193' title='bbox 946 2263 1002 2324; x_wconf 90' lang='lat' dir='ltr'><strong>aut</strong></span> <span class='ocrx_word' id='word_1_194' title='bbox 1025 2259 1125 2324; x_wconf 89' lang='lat' dir='ltr'><strong>alium</strong></span> 
     </span>
     <span class='ocr_line' id='line_1_25' title="bbox 124 2345 1125 2433; baseline 0 -21"><span class='ocrx_word' id='word_1_195' title='bbox 124 2348 302 2432; x_wconf 89' lang='lat' dir='ltr'><strong>quemlibet</strong></span> <span class='ocrx_word' id='word_1_196' title='bbox 321 2346 524 2430; x_wconf 90' lang='lat' dir='ltr'><strong>supplicium,</strong></span> <span class='ocrx_word' id='word_1_197' title='bbox 547 2345 634 2429; x_wconf 87' lang='lat' dir='ltr'><strong>quod</strong></span> <span class='ocrx_word' id='word_1_198' title='bbox 655 2345 776 2427; x_wconf 87' lang='lat' dir='ltr'><strong>velit,</strong></span> <span class='ocrx_word' id='word_1_199' title='bbox 767 2367 801 2410; x_wconf 90' lang='lat' dir='ltr'><strong>m</strong></span> <span class='ocrx_word' id='word_1_200' title='bbox 824 2369 897 2410; x_wconf 88' lang='lat' dir='ltr'><strong>eum</strong></span> <span class='ocrx_word' id='word_1_201' title='bbox 921 2347 1125 2433; x_wconf 89' lang='lat' dir='ltr'><strong>constituere,</strong></span> 
     </span>
     <span class='ocr_line' id='line_1_26' title="bbox 82 2395 1125 2536; baseline 0.006 -42"><span class='ocrx_word' id='word_1_202' title='bbox 82 2453 109 2494; x_wconf 81' lang='lat' dir='ltr'><strong>rs</strong></span> <span class='ocrx_word' id='word_1_203' title='bbox 123 2436 179 2520; x_wconf 89' lang='lat' dir='ltr'><strong>qui</strong></span> <span class='ocrx_word' id='word_1_204' title='bbox 211 2457 245 2499; x_wconf 89' lang='lat' dir='ltr'><strong>se</strong></span> <span class='ocrx_word' id='word_1_205' title='bbox 277 2435 380 2500; x_wconf 83' lang='lat' dir='ltr'><strong>civem</strong></span> <span class='ocrx_word' id='word_1_206' title='bbox 409 2433 592 2497; x_wconf 87' lang='lat' dir='ltr'><strong>Romanum</strong></span> <span class='ocrx_word' id='word_1_207' title='bbox 623 2454 693 2497; x_wconf 89' lang='lat' dir='ltr'><strong>esse</strong></span> <span class='ocrx_word' id='word_1_208' title='bbox 724 2395 822 2518; x_wconf 80' lang='lat' dir='ltr'><strong>(iicet,</strong></span> <span class='ocrx_word' id='word_1_209' title='bbox 855 2435 953 2536; x_wconf 77' lang='lat' dir='ltr'><strong>quod,</strong></span> <span class='ocrx_word' id='word_1_210' title='bbox 986 2436 1041 2519; x_wconf 93' lang='lat' dir='ltr'><strong>qui</strong></span> <span class='ocrx_word' id='word_1_211' title='bbox 1073 2436 1125 2519; x_wconf 88' lang='lat' dir='ltr'><strong>sit,</strong></span> 
     </span>
     <span class='ocr_line' id='line_1_27' title="bbox 122 2521 1126 2609; baseline 0 -21"><span class='ocrx_word' id='word_1_212' title='bbox 122 2525 263 2609; x_wconf 83' lang='lat' dir='ltr'><strong>ignoret·</strong></span> <span class='ocrx_word' id='word_1_213' title='bbox 286 2522 352 2586; x_wconf 87' lang='lat' dir='ltr'><strong>iam</strong></span> <span class='ocrx_word' id='word_1_214' title='bbox 371 2543 482 2586; x_wconf 90' lang='lat' dir='ltr'><strong>omnes</strong></span> <span class='ocrx_word' id='word_1_215' title='bbox 501 2521 692 2605; x_wconf 87' lang='lat' dir='ltr'><strong>provincias,</strong></span> <span class='ocrx_word' id='word_1_216' title='bbox 715 2521 780 2585; x_wconf 89' lang='lat' dir='ltr'><strong>iam</strong></span> <span class='ocrx_word' id='word_1_217' title='bbox 799 2523 909 2587; x_wconf 89' lang='lat' dir='ltr'><strong>omnia</strong></span> <span class='ocrx_word' id='word_1_218' title='bbox 926 2544 1036 2609; x_wconf 82' lang='lat' dir='ltr'><strong>regna,</strong></span> <span class='ocrx_word' id='word_1_219' title='bbox 1058 2524 1126 2588; x_wconf 83' lang='lat' dir='ltr'><strong>iam</strong></span> 
     </span>
     <span class='ocr_line' id='line_1_28' title="bbox 123 2609 1125 2695; baseline 0 -19"><span class='ocrx_word' id='word_1_220' title='bbox 123 2632 235 2677; x_wconf 87' lang='lat' dir='ltr'><strong>omnes</strong></span> <span class='ocrx_word' id='word_1_221' title='bbox 255 2610 375 2674; x_wconf 89' lang='lat' dir='ltr'><strong>liberas</strong></span> <span class='ocrx_word' id='word_1_222' title='bbox 399 2609 589 2693; x_wconf 71' lang='lat' dir='ltr'><strong>civitatess</strong></span> <span class='ocrx_word' id='word_1_223' title='bbox 579 2631 645 2673; x_wconf 88' lang='lat' dir='ltr'><strong>ram</strong></span> <span class='ocrx_word' id='word_1_224' title='bbox 669 2631 797 2674; x_wconf 90' lang='lat' dir='ltr'><strong>omnem</strong></span> <span class='ocrx_word' id='word_1_225' title='bbox 821 2611 932 2675; x_wconf 90' lang='lat' dir='ltr'><strong>orbem</strong></span> <span class='ocrx_word' id='word_1_226' title='bbox 955 2615 1125 2695; x_wconf 86' lang='lat' dir='ltr'><strong>terrarum,</strong></span> 
     </span>
     <span class='ocr_line' id='line_1_29' title="bbox 123 2660 1124 2784; baseline 0 -21"><span class='ocrx_word' id='word_1_227' title='bbox 123 2699 179 2784; x_wconf 92' lang='lat' dir='ltr'><strong>qui</strong></span> <span class='ocrx_word' id='word_1_228' title='bbox 197 2720 324 2782; x_wconf 91' lang='lat' dir='ltr'><strong>semper</strong></span> <span class='ocrx_word' id='word_1_229' title='bbox 346 2698 467 2761; x_wconf 90' lang='lat' dir='ltr'><strong>nostris</strong></span> <span class='ocrx_word' id='word_1_230' title='bbox 490 2660 677 2762; x_wconf 78' lang='lat' dir='ltr'><strong>hominibus</strong></span> <span class='ocrx_word' id='word_1_231' title='bbox 699 2698 839 2762; x_wconf 88' lang='lat' dir='ltr'><strong>maxime</strong></span> <span class='ocrx_word' id='word_1_232' title='bbox 860 2698 978 2783; x_wconf 87' lang='lat' dir='ltr'><strong>patuit,</strong></span> <span class='ocrx_word' id='word_1_233' title='bbox 1001 2699 1124 2763; x_wconf 87' lang='lat' dir='ltr'><strong>civibus</strong></span> 
     </span>
     <span class='ocr_line' id='line_1_30' title="bbox 122 2784 1125 2869; baseline 0 -18"><span class='ocrx_word' id='word_1_234' title='bbox 122 2787 279 2852; x_wconf 85' lang='lat' dir='ltr'><strong>Romanis</strong></span> <span class='ocrx_word' id='word_1_235' title='bbox 310 2785 376 2850; x_wconf 87' lang='lat' dir='ltr'><strong>ista</strong></span> <span class='ocrx_word' id='word_1_236' title='bbox 407 2784 591 2850; x_wconf 82' lang='lat' dir='ltr'><strong>defensione</strong></span> <span class='ocrx_word' id='word_1_237' title='bbox 622 2785 842 2869; x_wconf 90' lang='lat' dir='ltr'><strong>praecluseris.</strong></span> <span class='ocrx_word' id='word_1_238' title='bbox 895 2785 1000 2862; x_wconf 83' lang='lat' dir='ltr'><strong>Quid?</strong></span> <span class='ocrx_word' id='word_1_239' title='bbox 1033 2786 1062 2850; x_wconf 86' lang='lat' dir='ltr'><strong>si</strong></span> <span class='ocrx_word' id='word_1_240' title='bbox 1090 2785 1125 2851; x_wconf 88' lang='lat' dir='ltr'><strong>L.</strong></span> 
     </span>
     <span class='ocr_line' id='line_1_31' title="bbox 82 2872 1126 2958; baseline 0.005 -25"><span class='ocrx_word' id='word_1_241' title='bbox 82 2893 109 2933; x_wconf 85' lang='lat' dir='ltr'><strong>eo</strong></span> <span class='ocrx_word' id='word_1_242' title='bbox 122 2875 285 2957; x_wconf 76' lang='lat' dir='ltr'><strong>Raecium,</strong></span> <span class='ocrx_word' id='word_1_243' title='bbox 308 2873 449 2958; x_wconf 90' lang='lat' dir='ltr'><strong>equitem</strong></span> <span class='ocrx_word' id='word_1_244' title='bbox 469 2874 661 2957; x_wconf 84' lang='lat' dir='ltr'><strong>Romanum,</strong></span> <span class='ocrx_word' id='word_1_245' title='bbox 686 2873 741 2957; x_wconf 90' lang='lat' dir='ltr'><strong>qui</strong></span> <span class='ocrx_word' id='word_1_246' title='bbox 763 2877 834 2938; x_wconf 92' lang='lat' dir='ltr'><strong>tum</strong></span> <span class='ocrx_word' id='word_1_247' title='bbox 856 2873 890 2936; x_wconf 88' lang='lat' dir='ltr'><strong>in</strong></span> <span class='ocrx_word' id='word_1_248' title='bbox 914 2872 1025 2939; x_wconf 82' lang='lat' dir='ltr'><strong>Sicilia</strong></span> <span class='ocrx_word' id='word_1_249' title='bbox 1047 2877 1126 2952; x_wconf 84' lang='lat' dir='ltr'><strong>erat,</strong></span> 
     </span>
     <span class='ocr_line' id='line_1_32' title="bbox 121 2960 1126 3046; baseline -0.001 -19"><span class='ocrx_word' id='word_1_250' title='bbox 121 2962 325 3044; x_wconf 88' lang='lat' dir='ltr'><strong>nominabat,</strong></span> <span class='ocrx_word' id='word_1_251' title='bbox 362 2962 501 3026; x_wconf 86' lang='lat' dir='ltr'><strong>etiamne</strong></span> <span class='ocrx_word' id='word_1_252' title='bbox 536 2961 571 3025; x_wconf 87' lang='lat' dir='ltr'><strong>id</strong></span> <span class='ocrx_word' id='word_1_253' title='bbox 607 2983 762 3046; x_wconf 81' lang='lat' dir='ltr'><strong>magnum</strong></span> <span class='ocrx_word' id='word_1_254' title='bbox 792 2961 870 3044; x_wconf 84' lang='lat' dir='ltr'><strong>fuit,</strong></span> <span class='ocrx_word' id='word_1_255' title='bbox 906 2960 1126 3046; x_wconf 85' lang='lat' dir='ltr'><strong>Panhormum</strong></span> 
     </span>
     <span class='ocr_line' id='line_1_33' title="bbox 121 3048 1125 3116; baseline -0.002 0"><span class='ocrx_word' id='word_1_256' title='bbox 121 3052 249 3116; x_wconf 89' lang='lat' dir='ltr'><strong>litteras</strong></span> <span class='ocrx_word' id='word_1_257' title='bbox 292 3049 445 3115; x_wconf 83' lang='lat' dir='ltr'><strong>mittere?</strong></span> <span class='ocrx_word' id='word_1_258' title='bbox 508 3048 719 3114; x_wconf 73' lang='lat' dir='ltr'><strong>Assemasses</strong></span> <span class='ocrx_word' id='word_1_259' title='bbox 762 3049 926 3114; x_wconf 89' lang='lat' dir='ltr'><strong>hominem</strong></span> <span class='ocrx_word' id='word_1_260' title='bbox 969 3050 1125 3115; x_wconf 86' lang='lat' dir='ltr'><strong>custodiis</strong></span> 
     </span>
     <span class='ocr_line' id='line_1_34' title="bbox 120 3137 1126 3223; baseline -0.002 -19"><span class='ocrx_word' id='word_1_261' title='bbox 120 3137 389 3204; x_wconf 87' lang='lat' dir='ltr'><strong>Mamertinorum</strong></span> <span class='ocrx_word' id='word_1_262' title='bbox 420 3143 565 3220; x_wconf 90' lang='lat' dir='ltr'><strong>tuorum,</strong></span> <span class='ocrx_word' id='word_1_263' title='bbox 595 3137 740 3202; x_wconf 86' lang='lat' dir='ltr'><strong>vinctum</strong></span> <span class='ocrx_word' id='word_1_264' title='bbox 773 3138 917 3202; x_wconf 91' lang='lat' dir='ltr'><strong>clausum</strong></span> <span class='ocrx_word' id='word_1_265' title='bbox 947 3138 1126 3223; x_wconf 88' lang='lat' dir='ltr'><strong>habuisses,</strong></span> 
     </span>
     <span class='ocr_line' id='line_1_35' title="bbox 122 3224 1126 3311; baseline 0 -20"><span class='ocrx_word' id='word_1_266' title='bbox 122 3227 198 3292; x_wconf 86' lang='lat' dir='ltr'><strong>dum</strong></span> <span class='ocrx_word' id='word_1_267' title='bbox 212 3226 397 3293; x_wconf 86' lang='lat' dir='ltr'><strong>Panhormo</strong></span> <span class='ocrx_word' id='word_1_268' title='bbox 411 3224 549 3290; x_wconf 84' lang='lat' dir='ltr'><strong>Raecius</strong></span> <span class='ocrx_word' id='word_1_269' title='bbox 567 3225 705 3308; x_wconf 71' lang='lat' dir='ltr'><strong>veniret,</strong></span> <span class='ocrx_word' id='word_1_270' title='bbox 724 3229 933 3311; x_wconf 83' lang='lat' dir='ltr'><strong>cognosceret</strong></span> <span class='ocrx_word' id='word_1_271' title='bbox 951 3226 1126 3310; x_wconf 89' lang='lat' dir='ltr'><strong>hominem,</strong></span> 
     </span>
     <span class='ocr_line' id='line_1_36' title="bbox 81 3312 1125 3399; baseline 0.007 -28"><span class='ocrx_word' id='word_1_272' title='bbox 81 3331 107 3372; x_wconf 82' lang='lat' dir='ltr'><strong>es</strong></span> <span class='ocrx_word' id='word_1_273' title='bbox 122 3314 245 3399; x_wconf 90' lang='lat' dir='ltr'><strong>aliquid</strong></span> <span class='ocrx_word' id='word_1_274' title='bbox 273 3314 311 3378; x_wconf 91' lang='lat' dir='ltr'><strong>de</strong></span> <span class='ocrx_word' id='word_1_275' title='bbox 339 3335 465 3379; x_wconf 84' lang='lat' dir='ltr'><strong>summo</strong></span> <span class='ocrx_word' id='word_1_276' title='bbox 494 3312 651 3397; x_wconf 92' lang='lat' dir='ltr'><strong>supplicio</strong></span> <span class='ocrx_word' id='word_1_277' title='bbox 674 3313 870 3398; x_wconf 68' lang='lat' dir='ltr'><strong>remitteres,</strong></span> <span class='ocrx_word' id='word_1_278' title='bbox 898 3314 928 3379; x_wconf 89' lang='lat' dir='ltr'><strong>si</strong></span> <span class='ocrx_word' id='word_1_279' title='bbox 949 3313 1125 3399; x_wconf 84' lang='lat' dir='ltr'><strong>ignoraret,</strong></span> 
     </span>
     <span class='ocr_line' id='line_1_37' title="bbox 121 3401 1126 3486; baseline 0.002 -21"><span class='ocrx_word' id='word_1_280' title='bbox 121 3406 204 3486; x_wconf 91' lang='lat' dir='ltr'><strong>tum,</strong></span> <span class='ocrx_word' id='word_1_281' title='bbox 235 3402 263 3466; x_wconf 86' lang='lat' dir='ltr'><strong>si</strong></span> <span class='ocrx_word' id='word_1_282' title='bbox 289 3402 338 3467; x_wconf 88' lang='lat' dir='ltr'><strong>ita</strong></span> <span class='ocrx_word' id='word_1_283' title='bbox 364 3402 427 3466; x_wconf 92' lang='lat' dir='ltr'><strong>tibi</strong></span> <span class='ocrx_word' id='word_1_284' title='bbox 454 3401 629 3485; x_wconf 88' lang='lat' dir='ltr'><strong>videretur,</strong></span> <span class='ocrx_word' id='word_1_285' title='bbox 656 3401 718 3466; x_wconf 91' lang='lat' dir='ltr'><strong>hoc</strong></span> <span class='ocrx_word' id='word_1_286' title='bbox 745 3402 825 3466; x_wconf 90' lang='lat' dir='ltr'><strong>iuris</strong></span> <span class='ocrx_word' id='word_1_287' title='bbox 852 3402 888 3466; x_wconf 94' lang='lat' dir='ltr'><strong>in</strong></span> <span class='ocrx_word' id='word_1_288' title='bbox 915 3423 1025 3469; x_wconf 88' lang='lat' dir='ltr'><strong>omncs</strong></span> <span class='ocrx_word' id='word_1_289' title='bbox 1053 3424 1126 3467; x_wconf 89' lang='lat' dir='ltr'><strong>con·</strong></span> 
     </span>
     <span class='ocr_line' id='line_1_38' title="bbox 122 3489 1126 3576; baseline 0.003 -24"><span class='ocrx_word' id='word_1_290' title='bbox 122 3489 283 3574; x_wconf 78' lang='lat' dir='ltr'><strong>stituerer,</strong></span> <span class='ocrx_word' id='word_1_291' title='bbox 304 3495 351 3574; x_wconf 90' lang='lat' dir='ltr'><strong>ut,</strong></span> <span class='ocrx_word' id='word_1_292' title='bbox 374 3489 430 3574; x_wconf 92' lang='lat' dir='ltr'><strong>qui</strong></span> <span class='ocrx_word' id='word_1_293' title='bbox 452 3511 555 3574; x_wconf 90' lang='lat' dir='ltr'><strong>neque</strong></span> <span class='ocrx_word' id='word_1_294' title='bbox 578 3489 641 3553; x_wconf 92' lang='lat' dir='ltr'><strong>tibi</strong></span> <span class='ocrx_word' id='word_1_295' title='bbox 661 3492 759 3554; x_wconf 89' lang='lat' dir='ltr'><strong>notus</strong></span> <span class='ocrx_word' id='word_1_296' title='bbox 784 3494 869 3556; x_wconf 84' lang='lat' dir='ltr'><strong>esset</strong></span> <span class='ocrx_word' id='word_1_297' title='bbox 892 3512 995 3576; x_wconf 90' lang='lat' dir='ltr'><strong>neque</strong></span> <span class='ocrx_word' id='word_1_298' title='bbox 1018 3491 1126 3576; x_wconf 84' lang='lat' dir='ltr'><strong>cogni·</strong></span> 
     </span>
    </p>
   </div>
   <div class='ocr_carea' id='block_1_3' title="bbox 1129 1180 1179 1306">
    <p class='ocr_par' dir='ltr' id='par_1_3' title="bbox 1129 1180 1179 1306">
     <span class='ocr_line' id='line_1_39' title="bbox 1129 1180 1179 1306; baseline 0.02 -1"><span class='ocrx_word' id='word_1_299' title='bbox 1129 1180 1179 1306; x_wconf 75' lang='lat' dir='ltr'><strong>a</strong></span> 
     </span>
    </p>
   </div>
   <div class='ocr_carea' id='block_1_4' title="bbox 0 0 1320 3884">
    <p class='ocr_par' dir='ltr' id='par_1_4' title="bbox 0 0 1320 3884">
     <span class='ocr_line' id='line_1_40' title="bbox 0 0 1320 3884; baseline 0 0"><span class='ocrx_word' id='word_1_300' title='bbox 0 0 1320 3884; x_wconf 95' lang='lat' dir='ltr'><strong> </strong></span> 
     </span>
    </p>
   </div>
  </div>
 </body>
</html>
