2604 3880
351 182 390 236 IN
409 181 438 240 0.
456 182 608 238 VERREM
627 183 736 240 ACTIO
756 183 880 238 PRIMA.
1052 184 1114 249 121

100 330 211 392 strum
239 331 290 392 est
318 327 472 414 deligere,
500 351 595 413 quem
624 328 815 394 existimetis
843 329 998 395 facillime
1020 352 1117 415 posse

98 415 365 501 magnitudinem
398 438 514 482 causae
547 439 584 482 ac
616 417 725 483 iudicii
753 418 912 483 sustinere
941 419 1015 501 fide,
1047 419 1117 484 dili·

99 505 228 590 gentia,
249 505 396 589 oonsilio,
420 505 622 570 auctoritate.
654 503 723 572 Vos
743 506 772 572 si
789 507 870 572 mihi
890 506 925 583 Q.
940 504 1117 574 Caecilium

99 593 369 678 anteposueritis,
393 615 453 680 ego
477 616 528 658 me
552 593 711 680 dignitate
735 601 921 680 superatum
944 617 1011 660 non
1034 597 1117 661 arbi·

68 682 233 766 atrabor3
265 682 406 766 populus
442 681 609 748 Romanus
645 705 685 747 ne
722 688 792 749 tam
824 685 1009 766 honestam,
1048 691 1116 750 tam

99 791 252 836 severam
272 770 528 856 diligentemque
546 771 784 837 accusationem
806 793 910 856 neque
934 773 1026 838 vobis
1050 773 1117 857 pla·

98 860 208 924 cuisse
221 881 329 944 neque
343 859 449 924 ordini
463 864 571 925 restro
589 859 718 944 placere
737 862 923 945 arbitretur,
940 861 1116 946 providete.

368 1390 415 1463 M.
441 1390 584 1463 TULLI
612 1389 859 1465 CICERONIS

141 1553 210 1638 ru
252 1553 296 1640 o.
331 1517 596 1641 uuaanu
635 1552 824 1642 norro
864 1555 1080 1642 parur.

260 1843 576 1912 ARGUMENTUM
598 1843 962 1912 PSEUDo-ASCONI.

175 1963 260 2020 Victo
275 1964 398 2020 Caecilio
417 1967 446 2020 et
464 1965 643 2021 accusatione
662 1967 699 2021 ad
717 1983 746 2021 se
766 1967 861 2021 delata
879 1967 975 2022 Cicero
994 1983 1058 2020 cum
1075 1966 1116 2020 in·

98 2035 265 2106 quisitionis
279 2039 391 2118 tempus
409 2037 439 2090 in
458 2035 583 2090 Siciliam
601 2037 774 2106 postulasset
792 2038 851 2092 dies
866 2036 912 2091 CX
931 2041 960 2092 et
978 2053 1041 2106 oum
1059 2037 1117 2092 filio

97 2106 1117 2248 {lituttlt⁰t⁰tttttfttrdltttliltuttltztt

99 2249 158 2302 iter
183 2264 217 2302 ex
238 2247 337 2302 Sicilia
358 2250 388 2302 et
409 2251 525 2318 propter
546 2249 683 2318 fugitivos
707 2252 736 2303 et
757 2222 981 2319 propter’Verris
1000 2250 1116 2304 insidias

100 2319 264 2386 devitabat,
288 2335 307 2372 a
320 2317 429 2373 Vibone
448 2319 568 2374 transiit.
601 2320 672 2373 Tam
690 2323 805 2389 repente
823 2320 974 2375 adveniens
994 2338 1058 2374 oum
1075 2321 1116 2375 vi-

100 2391 185 2444 deret
206 2389 237 2442 id
259 2389 321 2458 agi,
343 2391 376 2443 ut
398 2405 417 2443 a
434 2389 480 2443 Μ’.
496 2389 647 2444 Glabrione
665 2393 794 2459 praetore
813 2392 843 2445 et
861 2392 896 2445 ab
915 2391 950 2444 iis
968 2391 1116 2460 iudicibus,

99 2459 153 2529 qui
169 2462 239 2514 tunc
257 2462 350 2528 erant,
373 2460 410 2514 ad
428 2459 515 2514 alium
534 2478 639 2516 annum
657 2460 798 2529 aliumque
836 2464 975 2516 rectorem
993 2479 1037 2516 res
1054 2465 1117 2517 tota

98 2530 237 2586 transiret
251 2530 459 2600 eripereturque
474 2531 529 2586 sibi
546 2548 611 2586 reus
629 2531 786 2601 patrocinio
800 2479 935 2587 liortensi
952 2549 986 2588 ao
999 2533 1115 2602 Metelli,

100 2601 150 2670 qui
164 2603 233 2655 tunc
249 2601 377 2655 consules
393 2601 480 2655 futuri
496 2605 577 2657 erant
595 2604 656 2672 (per
673 2603 726 2657 hos
745 2618 855 2658 ornnem
865 2602 967 2658 Verres
985 2603 1117 2658 eludendi

99 2672 202 2726 iudicii
222 2671 356 2726 fiduciam
379 2676 560 2743 sumpserat),
587 2673 642 2727 hoc
665 2675 838 2728 commentus
862 2677 905 2728 est
927 2675 1056 2742 rationis,
1084 2678 1117 2729 ut

101 2743 263 2798 orationem
284 2743 399 2812 longam
421 2743 658 2812 praetermitteret
679 2760 769 2812 neque
792 2745 822 2797 in
843 2744 1004 2799 criminibus
1023 2746 1115 2799 decla·

99 2813 229 2870 matione
239 2813 415 2868 cumulandis
422 2817 535 2884 tempus
549 2816 716 2882 absumeret,
731 2815 781 2869 sed
792 2818 904 2870 tantum
917 2816 1001 2869 modo
1016 2815 1117 2869 citaret

99 2887 191 2939 testes
215 2883 252 2938 ad
275 2884 513 2952 unumquodque
535 2885 641 2940 crimen
664 2887 823 2955 expositum
845 2890 875 2941 ct
897 2902 944 2940 eos
965 2885 1115 2939 Hortensio

100 2954 320 3025 interrogandos
342 2955 434 3021 daret3
457 2972 514 3023 qua
532 2958 592 3011 arte
610 2959 652 3010 ita
670 2959 714 3012 est
731 2956 868 3026 fatigatus
887 2956 1065 3023 Hortensius,
1084 2958 1117 3010 ut

99 3025 188 3094 nihil,
217 3027 315 3079 contra
340 3025 415 3093 quod
438 3026 555 3095 diceret,
582 3026 734 3095 inveniret,
757 3027 817 3096 ipse
840 3027 927 3081 etiam
944 3025 1045 3080 Verres
1069 3026 1115 3080 de-

101 3098 218 3167 sperato
237 3095 396 3164 patrocinio
415 3113 466 3150 sua
484 3099 584 3168 sponte
603 3097 760 3152 discederet
777 3097 805 3151 in
825 3097 947 3151 erilium.
990 3109 992 3112 ·

174 3165 238 3222 Hoc
251 3165 339 3236 igitur
353 3167 466 3222 laborat
477 3167 508 3222 in
522 3168 648 3223 oratione
663 3169 716 3224 hac
728 3171 791 3222 tota
804 3167 921 3234 Tullius,
940 3168 972 3220 ut
987 3167 1116 3220 ostendat

99 3254 160 3293 non
174 3238 241 3292 dolo
258 3253 311 3292 nec
329 3237 448 3306 astutia,
473 3239 523 3294 sed
539 3239 708 3296 necessitate
726 3239 818 3296 facere
835 3237 877 3306 id,
896 3237 971 3306 quod
989 3237 1068 3304 fecit,
1088 3241 1116 3292 et

97 3307 196 3434 tra}
211 3307 899 3436 Vitiillitlm{Vl‘iltltiltuit?{tilletb
912 3309 976 3432 til
996 3308 1117 3434 litt

100 3453 168 3505 ante
186 3421 251 3504 rial.
264 3449 384 3519 Ianuar,
403 3422 567 3521 dispensare
586 3424 721 3506 in’totius
739 3465 840 3504 causae
858 3397 1007 3516 aciionierd,
1024 3466 1060 3504 ne
1079 3451 1116 3504 ad

98 3521 192 3576 alium
201 3520 360 3590 praetorem
370 3521 497 3590 aliosque
505 3521 612 3577 iudices
623 3521 704 3577 novis
718 3519 878 3575 consulibus
892 3520 1060 3576 veniendum
1070 3519 1114 3574 sit.
