2558 3884
156 219 223 282 260
457 215 497 268 IN
516 214 545 270 C.
565 213 719 270 VERREM
735 212 815 268 AOT.
837 215 871 268 ss.

155 359 410 428 fortissimorum
427 359 756 442 fidelissimorumque
780 358 954 442 sooiorum3
977 377 1034 422 eos
1058 377 1178 421 omnes

156 448 218 514 hoe
254 447 423 532 statuisse,
459 451 704 528 monumentum
737 447 834 512 istius
870 447 906 511 in
942 466 1002 511 sua
1037 444 1178 510 civitate

106 555 157 608 164
173 537 300 601 nullum
323 557 393 602 esse
417 539 575 619 oportere.
616 533 706 600 Haeo
728 539 801 600 tum
824 534 972 617 dicerem,
995 532 1025 599 si
1043 536 1176 598 statuas

156 625 310 690 Metellus
336 646 403 690 non
433 624 640 708 reposuisset.
686 623 796 689 Velim
827 643 982 707 quaerere
1014 643 1101 686 nuno
1135 642 1174 686 ex

156 712 228 868 lsi
246 712 401 867 un
420 712 791 886 eleanan
807 709 1203 885 elenen

157 890 277 955 venire.
307 888 421 974 Neque
440 889 534 971 enim,
557 889 586 953 si
599 889 739 954 maxime
754 892 882 954 statuae
897 887 1040 953 deiectae
1055 891 1174 969 essent,

158 1000 220 1067 ego
252 998 307 1044 eas
339 978 432 1044 vobis
464 999 594 1063 possem
625 977 768 1044 iacentes
799 977 981 1060 ostender05
1014 976 1079 1042 hoo
1106 997 1173 1040 uno

158 1071 275 1152 uterer,
290 1067 457 1134 civitatem
470 1070 539 1131 tam
554 1087 687 1152 gravem
700 1066 859 1131 iudicasse
874 1067 1000 1130 statuas
1012 1063 1047 1130 Ο.
1059 1063 1174 1130 Verris

159 1155 388 1221 demoliendas.
441 1153 513 1220 Hoe
550 1155 631 1219 mihi
653 1153 806 1219 Metellus
841 1175 909 1218 non
940 1152 1074 1237 eripuit3
1110 1151 1175 1218 hoe
1187 1166 1215 1206 1⁰

159 1245 259 1309 etiam
278 1242 410 1327 addidit,
432 1247 470 1308 ut
493 1264 651 1327 quererer,
674 1242 704 1307 si
726 1242 807 1307 mihi
824 1242 998 1326 videretur,
1020 1245 1093 1307 tam
1114 1240 1175 1305 ini·

159 1353 222 1415 quo
249 1333 320 1395 iure
347 1324 443 1396 so'oiis
473 1334 571 1415 atque
599 1330 711 1396 amieis
738 1331 905 1414 imperari,
936 1333 974 1394 nt
1000 1329 1042 1395 iis
1069 1351 1112 1394 ne
1139 1329 1175 1393 in

159 1419 226 1484 suis
245 1419 374 1503 quidem
393 1419 556 1484 benefieiis
575 1419 679 1484 libero
697 1419 815 1484 iudicio
836 1419 886 1483 uti
908 1418 1034 1501 lieeret3
1058 1421 1097 1482 nt
1115 1438 1174 1484 vos

158 1528 319 1593 rogarem,
341 1510 379 1572 ut
397 1507 616 1573 coniecturam
634 1507 794 1591 feneretis,
815 1508 944 1591 qualem
961 1506 998 1571 in
1014 1507 1056 1570 iis
1075 1507 1175 1571 rebus

157 1595 193 1659 in
220 1617 271 1660 me
294 1593 329 1660 L.
348 1594 517 1660 Metellum
543 1595 644 1660 fuisse
670 1595 845 1680 putaretis,
870 1595 906 1659 in
933 1595 1051 1680 quibus
1075 1595 1175 1659 rebus
1189 1605 1213 1648 1⁶

160 1684 274 1750 obesse
302 1683 383 1749 mihi
409 1687 534 1768 posset,
562 1706 635 1749 oum
657 1684 693 1748 in
713 1684 775 1749 hae
797 1705 833 1748 re
856 1688 925 1748 tam
947 1687 1064 1768 aperta
1087 1682 1176 1768 eupi-

159 1773 262 1838 ditate
288 1771 400 1856 fuerit,
427 1771 463 1836 in
490 1793 554 1855 qua
579 1772 663 1836 nihil
691 1771 805 1837 obfuit.
855 1769 919 1837 Sed
947 1792 1008 1858 ego
1036 1771 1174 1837 Metello

158 1883 226 1927 non
251 1853 375 1926 irascor
404 1881 507 1944 neque
539 1859 569 1924 ei
600 1881 693 1926 snam
724 1859 927 1926 vacationem
959 1859 1078 1945 eripio,
1110 1882 1176 1945 qna

158 1949 216 2014 ille
240 1950 325 2034 apud
348 1968 459 2014 omnes
481 1947 594 2031 utitur,
618 1953 656 2013 nt
677 1948 761 2014 nihil
783 1948 946 2014 malitiose
967 1969 1075 2032 neque
1098 1970 1175 2014 oon-

107 2039 249 2154 69sulto
271 2037 386 2102 fecisse
409 2036 565 2101 videatur.
1187 2050 1212 2090 ¹⁰

108 2166 158 2215 165
226 2125 297 2190 Iam
329 2124 431 2209 igitur
463 2129 514 2189 est
541 2124 604 2189 ita
622 2125 841 2209 perspicuum,
876 2128 914 2190 ut
949 2145 1072 2210 negare
1108 2146 1175 2190 non

159 2213 275 2297 possis,
288 2212 413 2276 nullom
427 2212 490 2278 tibi
504 2216 648 2278 statuam
663 2213 833 2278 voluntate
846 2213 1038 2297 cuiusquam
1053 2213 1174 2296 datam,

159 2299 284 2365 nullam
307 2300 476 2384 pecuniam
501 2305 683 2367 statuarum
703 2302 833 2368 nomine
850 2301 914 2367 nisi
932 2303 966 2366 vi
984 2323 1175 2387 expressam

160 2391 193 2451 et
215 2391 370 2452 coactam.
411 2386 481 2464 Quo
506 2389 635 2473 quidem
657 2389 693 2454 in
715 2390 848 2456 erimine
870 2412 936 2456 non
958 2390 1043 2454 illud
1066 2392 1174 2456 solum

158 2475 309 2562 intellegi
330 2477 418 2560 volo,
443 2481 477 2541 te
500 2479 541 2542 ad
564 2481 690 2543 statuas
714 2475 769 2542 HS
791 2478 912 2544 viciens
936 2479 1094 2565 coegisse,
1118 2479 1211 2544 sed¹⁵

160 2563 265 2628 multo
293 2564 391 2629 etiam
419 2565 501 2629 illud
528 2567 648 2653 magis,
679 2567 764 2651 quod
791 2567 889 2632 simul
912 2568 1173 2633 demonstratum

161 2658 219 2736 est,
242 2657 399 2736 quantum
419 2653 527 2718 odium
545 2654 580 2720 in
597 2658 631 2719 te
650 2659 824 2739 aratorum,
848 2660 1007 2740 quantum
1026 2657 1174 2722 omnium

161 2741 343 2806 Siculorum
371 2741 416 2806 sit
438 2746 472 2806 et
493 2742 600 2808 fuerit
641 2742 681 2807 In
704 2765 768 2828 quo
791 2765 873 2828 quae
895 2749 1006 2809 vestra
1026 2744 1174 2810 defensio

108 2843 159 2893 166
177 2830 289 2896 futura
316 2830 371 2913 sit,
403 2830 588 2896 coniectura
619 2831 753 2915 adsequi
783 2853 850 2897 non
877 2854 969 2916 queo.
1014 2831 1176 2898 ‘Oderunt

161 2916 272 3002 Siculi3
300 2922 488 3004 togatorum
517 2919 602 2984 enim
629 2941 727 2984 eausa
753 2920 858 2986 multa
879 2919 963 2987 feei?
993 2957 1031 2968 -
1063 2920 1112 2987 At
1139 2921 1211 2987 hia

161 3008 290 3090 quidem
313 3007 461 3072 aoerrimi
487 3007 793 3093 inimioi[ssimiqne]
818 3013 901 3074 sunt.
932 3043 970 3056 -
1001 3007 1174 3076 ‘Inimicus

158 3094 264 3160 habeo
296 3094 382 3160 cives
411 3095 590 3180 Romanos,
622 3097 708 3179 quod
740 3097 900 3162 sociorum
932 3098 1105 3164 commoda
1138 3121 1175 3164 ao

159 3182 231 3247 iura
258 3182 405 3248 defendi?
432 3219 477 3232 -·-
503 3182 550 3249 At
582 3184 661 3249 sooii
691 3185 726 3249 in
757 3185 901 3251 hostium
931 3208 1069 3252 numero
1104 3209 1175 3252 sese

160 3270 219 3335 aba
246 3275 280 3335 te
306 3270 437 3335 habitos
467 3277 652 3356 queruntur.
682 3309 720 3319 -
748 3272 915 3339 ‘Aratores
942 3274 1069 3340 inimiei
1098 3281 1175 3341 sunt

159 3361 294 3438 propter
312 3358 482 3423 decumas?
498 3395 539 3406 -
555 3359 660 3436 Quid?
679 3361 734 3444 qui
749 3384 847 3448 agros
861 3363 1022 3427 immunes
1036 3363 1174 3430 liberos·
1187 3371 1211 3412 ⁸⁵

160 3461 221 3520 que
240 3448 343 3525 erant,
365 3467 421 3508 eur
439 3446 597 3512 oderunt?
616 3470 673 3511 our
690 3447 870 3533 Halaesini,
888 3473 944 3516 our
958 3450 1175 3537 Centuripini,

159 3546 215 3587 eur
229 3525 407 3612 Segestani,
425 3554 482 3597 eur
496 3533 728 3617 Halicyenses?
766 3536 858 3612 Quod
873 3559 974 3625 genus
991 3538 1174 3624 hominnm,
