2524 3876
400 162 402 166 ’
431 189 506 244 cnr.
527 193 596 245 e-a
615 195 630 256 ι
651 193 754 246 ιι-ιι
1060 189 1102 254 39

88 333 199 400 noetis
215 332 340 400 ooeisus
350 335 436 399 esset
435 333 564 419 ,primo
575 333 716 400 diluculo
730 334 863 400 nuntius
873 333 926 399 hie
935 332 1103 398 Ameriam

88 422 197 506 venit3
221 421 331 487 decem
349 420 438 487 horis
456 423 624 487 nocturnis
643 445 699 487 sex
714 426 746 488 et
761 422 977 509 quinquagint
979 444 998 486 a
963 421 1104 486 tmilia

85 532 247 612 passuum
279 509 367 575 cisiis
398 510 592 596 pervolavit,
624 532 690 575 non
721 511 817 576 modo
847 515 884 576 ιιι
914 514 1032 595 exopta
1013 513 1103 575 atum

85 598 223 664 inimico
246 599 397 663 nuntium
419 599 543 682 primus
567 599 721 683 adferret,
748 600 926 665 sedetiam
956 620 1103 664 eruorem

45 710 59 750 ι
87 685 217 752 inimici
245 709 343 772 quam
370 687 627 752 recentissimum
655 688 869 772 telumquep
872 688 947 753 aulo
981 690 1056 751 ante
1086 707 1103 750 e

88 797 229 861 corpore
258 778 439 841 extractum
467 775 660 840 ostenderet.
637 774 905 859 tQuadriduo,
932 797 995 860 quo
1024 775 1104 840 haee
1122 784 1158 834 ao

87 867 188 950 gesta
216 866 305 947 sunt,
334 885 386 929 res
410 863 451 928 ad
474 863 724 949 Chrysogonum
747 864 782 928 ιι
804 867 912 929 castra
934 862 970 928 L.
993 861 1104 928 Sullae

86 951 286 1017 Volaterras
314 951 471 1036 defertur3
503 951 694 1038 magnitudo
721 952 876 1038 pecuniae
906 952 1104 1016 demonstra·

85 1044 157 1126 tur3
187 1039 319 1105 bonitas
347 1040 554 1124 praediorum
581 1038 671 1126 (nam
698 1039 816 1106 fundos
844 1041 953 1105 decem
982 1043 1014 1104 et
1037 1045 1103 1103 tres

45 1153 73 1192 ιο
87 1128 237 1212 reliquit,
256 1128 311 1212 qui
327 1127 471 1193 Tiberim
488 1128 557 1194 fere
575 1150 687 1194 omnes
701 1126 866 1214 tangunt),
879 1128 976 1193 huius
993 1126 1105 1211 inopia

87 1220 125 1282 et
153 1216 298 1284 solitudo
326 1220 611 1302 commemoratur3
645 1217 882 1298 demonstrant,
909 1238 983 1282 eum
1009 1219 1105 1300 pater

86 1304 227 1370 huiusce
247 1303 318 1370 Sex.
335 1305 481 1388 Roscius,
504 1306 602 1370 homo
625 1309 693 1369 tam
718 1305 905 1389 splendidus
929 1309 962 1370 et
985 1304 1105 1390 gratio

87 1414 158 1477 sus,
181 1392 274 1458 nullo
291 1393 425 1479 negotio
444 1395 489 1457 sit
508 1393 640 1474 occisus,
663 1393 816 1478 perfacile
834 1393 921 1459 hune
938 1392 1105 1458 hominem

86 1481 260 1546 incautum
292 1485 326 1546 et
356 1481 578 1546 rusticumt
546 1485 578 1546 et
604 1481 727 1546 Romae
754 1482 904 1568 ignotum
933 1483 971 1546 de
999 1480 1105 1545 medio

46 1569 168 1634 retolli
195 1590 305 1654 posse3
338 1568 378 1634 ad
410 1591 482 1634 eam
511 1591 581 1634 rem
613 1591 743 1654 operam
777 1592 870 1636 suam
901 1569 1104 1655 pollicentur.
1124 1623 1144 1686 8

87 1655 142 1722 Ne
167 1656 289 1722 diutius
312 1660 451 1740 teneam,
473 1657 604 1740 iudices,
627 1658 765 1722 societas
788 1659 902 1723 coitur.
938 1656 1048 1724 Cum
1038 1678 1105 1721 ram
1124 1699 1158 1749 21

86 1745 257 1831 proseript
258 1745 342 1811 ionis
361 1708 483 1811 mentio
501 1746 595 1810 nulla
612 1746 713 1828 fieret,
732 1767 805 1810 oum
824 1747 924 1812 etiam
939 1768 995 1830 qur
985 1745 1106 1809 antea

87 1837 278 1898 metuerant
305 1834 448 1899 redirent
481 1856 519 1899 ae
550 1834 616 1898 iam
649 1833 817 1899 defunctos
851 1855 920 1899 sese
952 1832 1105 1919 periculis

89 1921 348 2004 arbitrarentur,
381 1943 492 1987 nomen
523 1922 699 2003 refertur
684 1943 721 1987 ιιι
752 1923 873 1988 tabulas
904 1921 973 1987 Sea.
1004 1920 1106 2003 Rosci,

43 2035 73 2075 ro
86 2010 235 2076 hominis
249 2009 479 2076 studiosissimi
492 2009 689 2093 nobilitatis3
704 2032 855 2095 manceps
870 2010 908 2074 fit
894 2007 1107 2111 tOhrysogo·

85 2120 168 2181 nus3
199 2098 264 2162 tria
294 2099 428 2184 praedia
459 2099 512 2164 vel
543 2098 749 2164 nobilissima
787 2097 939 2183 Capitoni
973 2096 1107 2182 propria

86 2148 281 2271 traduntur,
318 2209 401 2271 quae
433 2186 529 2251 hodie
562 2187 721 2271 possidet3
754 2187 789 2250 in
818 2186 960 2271 reliquas
994 2206 1105 2251 omnes

85 2275 243 2341 fortunas
266 2275 328 2340 rste
347 2275 383 2340 T
402 2274 538 2340 Roscius
561 2275 691 2340 nomine
710 2274 927 2360 Chrysogoni,
950 2272 1107 2358 quemad

86 2361 249 2430 modum
239 2385 308 2447 rpse
324 2363 410 2446 dicit,
432 2363 592 2448 impetum
613 2362 701 2428 facit
733 2362 823 2428 Haec
835 2363 923 2428 bona
937 2362 1105 2448 sexagiens

43 2477 71 2516 ιι
87 2448 147 2516 HS
163 2454 314 2516 emuntur
328 2451 452 2516 duobus
467 2451 599 2516 milibus
613 2473 790 2516 nummum.
821 2450 911 2516 Haeo
923 2451 1040 2533 omnia,
1060 2452 1106 2514 iu·

88 2540 190 2623 dices,
203 2539 406 2624 imprudente
422 2539 457 2605 L.
473 2537 566 2604 Sulla
583 2539 672 2604 faeta
691 2561 761 2604 esse
780 2543 869 2605 certo
888 2541 964 2605 seio.
991 2537 1105 2622 Neque
1124 2561 1159 2611 aa

87 2628 181 2694 enim
209 2627 341 2712 mirum,
371 2650 445 2693 eum
467 2627 581 2693 eodem
603 2630 750 2713 tempore
774 2633 807 2694 et
829 2651 880 2712 ea,
908 2649 990 2712 quae
1013 2648 1106 2712 prae-

88 2717 193 2781 terita
216 2718 308 2800 sunt,
335 2721 424 2782 sonet
445 2720 478 2781 et
501 2738 553 2799 ea,
576 2738 658 2800 quae
682 2716 832 2781 videntur
854 2717 992 2800 instare,
1015 2736 1105 2800 prae

87 2807 201 2890 paret,
231 2826 304 2869 oum
328 2808 361 2869 et
386 2804 476 2890 pacis
505 2804 748 2870 constituendae
776 2805 937 2870 rationem
964 2807 999 2869 et
1025 2800 1106 2866 belli

44 2917 74 2958 ao
90 2892 228 2979 gerendi
250 2895 448 2978 potestatem
472 2893 562 2958 solus
580 2893 709 2976 habeat,
686 2897 804 2959 tcum
823 2915 934 2959 omnes
953 2892 988 2956 in
1006 2911 1106 2955 unum

89 2984 255 3065 spectent,
288 3003 371 3046 unus
402 2981 511 3046 omnia
543 2981 716 3067 gubernet,
751 3005 825 3048 curn
856 2984 908 3046 ιοι
939 2979 1105 3060 tantisque

88 3069 237 3155 negotiis
268 3069 389 3134 distt
318 3073 374 3135 ten
375 3073 427 3134 tua
451 3070 508 3151 sit,
535 3072 573 3133 ut
595 3070 755 3154 respirare
777 3070 880 3135 libere
902 3089 969 3133 non
991 3065 1105 3152 possit,

90 3158 120 3222 si
139 3157 263 3242 aliquid
280 3179 347 3223 non
365 3120 613 3242 animadiertat,
590 3162 704 3224 taum
718 3157 911 3243 praesertim
926 3159 994 3220 tam
1010 3153 1106 3219 multi

90 3246 339 3331 occupationem
371 3245 439 3311 eius
473 3246 645 3311 observent
631 3250 870 3330 ttempusque
898 3247 1105 3328 aucupentur,

45 3338 139 3418 aeut,
163 3335 261 3401 simul
285 3339 381 3419 atque
404 3335 461 3399 ille
485 3334 680 3418 despexerit,
708 3333 830 3417 aliquid
857 3332 989 3398 huiusce
1017 3330 1106 3396 modi

91 3423 282 3488 moliantur.
326 3421 400 3488 Huc
423 3422 559 3505 accedit,
583 3422 677 3506 quod,
701 3421 849 3507 quamvis
871 3421 928 3486 ille
950 3420 1030 3485 felix
1051 3420 1106 3504 sit,

91 3511 177 3577 siout
196 3515 256 3598 est,
278 3514 389 3576 tamen
408 3511 468 3593 [in]
487 3513 561 3576 tant
563 3509 702 3592 adelicit
704 3514 756 3576 ate
774 3532 870 3576 nemo
892 3531 935 3598 po
936 3513 1003 3575 test
1025 3531 1106 3594 esse,
