2600 3878
340 205 407 260 ms.
422 205 463 261 m
490 204 567 262 111.
583 211 689 262 se-co
708 212 723 273 s
742 212 893 262 cor-210.
1064 209 1130 274 315
1192 171 1195 178 ’

118 351 259 434 populus
287 350 454 416 Romanus
487 350 631 416 omnium
662 351 833 417 nationum
859 374 926 418 non
952 353 1033 438 vim,
1063 375 1130 419 non
1245 385 1246 389 ¹

119 461 224 524 arma,
245 459 313 504 non
334 438 473 523 bellum,
496 439 553 504 sed
575 440 697 524 luctus,
719 440 886 525 lacrimas,
910 442 1129 527 querimonias

117 549 185 592 non
211 531 330 612 potest.
375 526 416 592 In
443 527 511 592 eius
538 527 627 592 modi
652 549 688 593 re
716 550 754 594 ao
780 529 926 594 moribus
952 531 980 595 si
1002 531 1045 616 is,
1073 531 1130 615 qui

119 615 182 680 erit
204 615 361 700 adductus
383 615 419 680 in
440 615 608 700 iudicium,
635 637 708 681 cum
731 617 913 682 manifestis
936 618 971 682 in
993 619 1129 705 flagitiis

78 721 92 763 1
118 704 297 790 tenebitur,
320 705 403 771 alios
427 705 539 770 eadem
561 703 676 770 fecisse
701 703 798 789 dicet,
820 705 871 769 illi
894 707 1041 790 exempla
1062 730 1131 773 nou

120 792 268 877 deerunt,
303 793 352 858 rei
387 793 537 877 publicae
573 793 662 858 salus
695 792 809 877 deerit,
846 793 875 858 si
905 794 1130 878 improborum

120 881 275 966 exemplis
311 881 454 967 improbi
488 880 606 947 iudicio
644 903 681 946 uc
716 881 859 966 periculo
895 882 1129 949 liberabuntur.

118 968 256 1036 Placent
274 971 368 1037 vobis
387 970 555 1035 hominum
577 991 694 1053 mores,
716 970 825 1054 placet
846 969 896 1035 ita
919 971 988 1056 geri
1011 973 1112 1058 mugi·
1130 985 1183 1034 208

120 1061 256 1144 stratus,
283 1062 322 1124 ut
344 1062 514 1145 gerumtur‚
540 1058 648 1142 placet
671 1057 776 1123 socios
799 1057 847 1124 sic
867 1059 1016 1143 tractari,
1044 1059 1130 1144 quod

79 1166 106 1206 ro
119 1149 236 1232 restat,
266 1151 305 1213 ut
335 1169 394 1233 per
425 1147 505 1212 haec
534 1151 684 1231 tempora
709 1149 869 1212 tractatos
897 1147 1037 1213 videtis?
1074 1170 1131 1213 cur

119 1235 200 1300 haec
222 1257 243 1300 a
265 1257 317 1300 me
340 1257 440 1319 opera
463 1235 686 1300 consumitur?
715 1234 792 1319 quid
816 1235 957 1300 sedetis?
985 1258 1042 1301 cur
1063 1258 1131 1302 non

119 1323 155 1388 in
183 1323 290 1388 media
317 1323 464 1390 oratione
491 1345 564 1388 mea
591 1323 788 1409 consurgitis
817 1327 915 1408 atque
943 1324 1130 1390 disceditis?

118 1409 229 1476 Voltis
256 1415 365 1477 autem
387 1411 526 1476 istorum
550 1411 700 1478 audacias
724 1434 761 1478 ac
784 1411 935 1478 libidines
959 1413 1069 1497 aliqua
1092 1435 1131 1477 ex

119 1504 214 1584 parte
244 1500 412 1566 resecare?
444 1499 581 1565 desinite
613 1499 775 1584 dubitare,
807 1504 918 1566 utrum
946 1501 989 1566 sit
1016 1501 1130 1566 utilius

79 1606 106 1648 11
119 1593 254 1674 propter
268 1589 391 1654 multos
403 1589 572 1674 improbos
590 1588 647 1652 uni
664 1610 796 1674 parcere
815 1611 857 1653 an
874 1589 970 1654 unius
988 1590 1131 1675 improbi

121 1676 280 1762 supplicio
301 1677 480 1742 multorum
502 1676 749 1761 improbitatem
769 1682 923 1742 cotrcere.
1119 1720 1184 1790 (90)

187 1763 333 1830 Tametsi
352 1786 434 1849 quae
451 1765 517 1830 ista
536 1769 613 1830 sunt
631 1765 780 1849 exempla
802 1765 1002 1831 multorum?
1025 1764 1058 1830 N
1060 1788 1113 1830 am
1132 1797 1183 1846 209

120 1875 193 1919 cum
221 1854 256 1917 in
282 1857 376 1918 tanta
403 1875 514 1939 causa,
541 1875 615 1919 oum
641 1852 677 1919 in
704 1852 838 1918 crimine
860 1853 1001 1918 maximo
1026 1853 1132 1919 dicia

120 1941 287 2007 defensore
319 1945 471 2028 coeptum
503 1944 553 2007 est
583 1941 770 2008 factitatum
803 1962 872 2006 esse
905 1941 1043 2026 aliquid,
1077 1963 1131 2006 ex-

24 2089 29 2096 .
79 2049 106 2089 11
120 2034 254 2116 pectant
279 2029 317 2115 ii,
345 2031 401 2115 qui
423 2029 572 2115 audiunt,
599 2030 749 2114 exempla
771 2051 810 2094 ex
831 2033 940 2095 vetere
964 2030 1131 2114 memorie,

121 2141 160 2184 ex
178 2119 396 2185 monumentis
415 2141 454 2184 ac
471 2117 592 2183 litteris
611 2118 709 2203 plena
727 2117 911 2204 dignitatis,
933 2119 1031 2202 plena
1049 2118 1131 2182 auti-

121 2207 270 2293 quitatis3
302 2207 383 2273 haec
410 2207 497 2273 enim
523 2206 701 2293 plurimum
729 2207 837 2272 solent
864 2209 898 2271 et
925 2206 1130 2272 auctoritatis
1139 2204 1185 2270 90

119 2296 239 2361 habere
268 2295 309 2361 ad
335 2295 540 2380 probandum
567 2298 601 2360 ct
626 2294 837 2360 iucunditatis
864 2294 906 2360 ad
929 2293 1132 2361 audiendum:

120 2384 292 2450 Africanos
320 2383 402 2448 mihi
429 2386 463 2448 et
486 2381 627 2449 Catones
653 2386 686 2448 et
708 2382 838 2448 Laelios
861 2384 1131 2449 commemorabis

78 2489 107 2532 11
121 2476 155 2538 et
186 2494 242 2538 eos
273 2471 388 2537 fecisse
419 2471 506 2536 idem
538 2471 645 2537 dices?
696 2469 850 2546 Quamvis
878 2493 930 2536 res
958 2472 1039 2537 mihi
1065 2494 1132 2537 uon

120 2562 258 2647 placeat,
280 2563 392 2625 tamen
410 2563 524 2625 contra
540 2559 710 2624 hominum
734 2560 962 2626 auctoritatem
985 2582 1133 2647 pugnare

119 2671 186 2716 non
212 2651 337 2733 potero.
376 2646 444 2732 An,
472 2670 545 2713 cum
571 2669 626 2713 eos
648 2670 716 2713 non
737 2649 874 2734 poteris
901 2648 1046 2734 proferes
1069 2649 1131 2713 hos
1219 2682 1222 2686 ·

120 2736 269 2821 recentis,
287 2734 323 2812 Q.
337 2734 491 2802 Catulum
509 2739 646 2822 petrem,
665 2735 699 2803 0.
713 2735 862 2821 Marium,
881 2735 1131 2821 (1811111111,

120 2826 163 2892 M.
182 2822 352 2909 Scaurum,
377 2822 413 2900 Q.
431 2823 623 2890 Metellum?
656 2824 713 2909 qui
736 2847 847 2890 omnes
870 2824 1052 2908 provincias
1075 2823 1131 2888 ha·

78 2932 107 2974 ³0
120 2916 262 2980 buerunt
294 2917 327 2979 et
358 2913 557 2978 frumentum
589 2914 690 2978 cellae
723 2913 854 2980 nomine
880 2912 1130 2996 imperaverunt.

120 3002 243 3090 Magna
274 3006 325 3068 est
355 3001 524 3066 hominum
556 3002 732 3067 auotoritas
766 3005 799 3066 et
829 3003 935 3084 tanta,
967 3002 1005 3064 ut
1032 2999 1131 3065 etiam

122 3091 232 3159 delicti
259 3089 475 3176 suspicionem
497 3092 608 3175 tegere
631 3090 745 3175 possit.
789 3087 865 3154 Non
886 3087 989 3152 habes
1009 3109 1050 3152 111
1074 3109 1113 3152 ex
1130 3099 1185 3150 210

120 3181 172 3247 his
196 3179 324 3266 quidem
346 3176 543 3263 hominibus,
566 3179 621 3262 qui
643 3200 746 3263 nuper
767 3175 908 3260 fuerunt,
930 3176 1034 3241 ullum
1057 3198 1131 3242 auo-

120 3273 226 3335 torem
253 3267 348 3334 istius
376 3265 624 3332 aestimationis.
670 3264 740 3341 Quo
763 3286 815 3330 me
838 3264 940 3350 igitur
962 3265 1051 3330 reims
1074 3269 1131 3330 aut

80 3375 107 3418 11
121 3358 163 3424 cd
195 3378 276 3441 quae
304 3377 355 3420 me
383 3355 532 3440 exempla
557 3354 713 3420 revocas?
758 3353 811 3418 Ab
838 3353 906 3418 illis
934 3352 1131 3437 hominibus,

122 3445 178 3531 qui
204 3449 275 3511 tum
302 3443 424 3510 versati
451 3443 589 3508 suntin
615 3463 649 3507 re
676 3441 819 3526 publica,
852 3464 925 3508 cum
952 3445 985 3508 et
1013 3442 1131 3528 optimi

122 3555 231 3601 mores
249 3535 341 3598 erant
359 3535 393 3598 et
409 3531 579 3598 hominum
597 3528 795 3596 existimatio
815 3532 924 3618 gravis
947 3530 1131 3600 habebatur

862 3635 917 3692 23*
