2600 3878
183 175 249 240 324
483 173 523 228 IN
541 172 570 229 O.
583 171 739 228 VERREM
757 171 837 228 Aer.
856 173 890 228 IL

181 318 413 386 haecomnia?
450 317 556 394 Quid?
580 340 653 384 oum
671 317 782 402 palam
801 314 969 402 Syracusis
987 322 1021 382 te
1040 318 1188 384 audiente

182 407 323 474 maximo
352 410 512 472 conventu
534 405 570 471 L.
587 406 730 473 Rubrius
754 405 789 482 Q.
809 406 991 490 Apronium
1016 407 1188 492 sponsione
1281 419 1282 444 l

182 494 361 578 lacessivit,
379 496 426 562 Νι
447 493 629 560 Αιιιοιιιιιι
656 511 869 559 mormanus
897 511 942 558 nn
970 511 1039 560 s1n1
1066 513 1105 560 m
1131 515 1189 560 nn·
1281 487 1282 572 J

183 601 285 650 cums
312 600 394 648 Essn
423 599 564 667 socmn,
591 583 671 648 haec
698 586 732 646 te
759 603 823 648 vox
848 603 915 648 non
941 584 1094 668 perculit,
1125 606 1190 648 non
1281 583 1282 632 ἶ

182 672 395 758 perturbavit,
412 693 488 756 non,
510 674 548 736 ut
566 671 666 755 capiti
684 674 717 736 et
734 669 875 735 fortunis
893 670 960 736 tuis
978 671 1211 756 prospiceres-'v

183 760 359 826 excitavit?
409 759 567 843 Tacuisti,
599 758 722 824 sedasti
754 759 854 824 etiam
886 758 956 824 litis
987 759 1122 824 illorum
1150 765 1189 843 et,
1281 841 1282 848 ἵ

130 854 171 918 58
184 849 315 934 sponsio
342 848 402 912 illa
424 869 465 913 ne
487 848 593 932 fieret,
621 847 788 911 laborasti.
829 847 893 914 Pro
918 847 951 911 di
972 846 1189 914 immortales!

182 937 244 1003 hoc
263 941 321 1002 aut
338 937 491 1001 innocens
510 936 608 1000 homo
626 934 754 1020 perpeti
775 935 938 1020 potuisset
961 939 1018 1000 aut
1041 937 1189 1021 quamvis

181 1047 314 1110 nocens,
346 1024 402 1108 qui
429 1024 524 1088 modo
551 1023 670 1088 iudicia
696 1023 820 1088 Romae
847 1022 917 1088 fore
948 1027 1094 1110 putaret,
1124 1047 1191 1091 non
1281 1081 1282 1104 2

183 1114 293 1198 aliqua
326 1113 533 1177 simulatione
561 1111 795 1176 existimationi
822 1133 856 1176 se
883 1110 1052 1177 hominum
1080 1114 1224 1179 vendi-1⁰

131 1215 181 1264 133
200 1201 325 1267 tasset?
353 1200 437 1276 Quid
451 1204 501 1264 est
513 1200 597 1266 hoc?
615 1200 748 1284 sponsio
762 1200 801 1263 fit
815 1199 973 1284 decapite
992 1223 1030 1266 ac
1047 1199 1190 1266 fortunis

182 1291 258 1374 tuis,
280 1292 317 1354 ιιι
336 1289 427 1352 sedes
447 1291 480 1352 et
483 1288 649 1389 quiescis,
672 1310 738 1352 non
760 1287 973 1372 persequeris,
994 1310 1061 1353 non
1083 1311 1190 1372 perse-

182 1399 285 1461 veras,
297 1398 365 1441 non
377 1375 548 1460 perquiris,
565 1398 616 1440 our
607 1375 747 1440 dixerit
732 1374 930 1460 tApronins,
949 1376 1020 1460 quis
1041 1377 1189 1459 audierit,

182 1467 266 1530 unde
288 1465 350 1529 hoc
372 1467 501 1546 natum,
523 1485 618 1546 quem
643 1463 837 1529 admodum
860 1464 1026 1548 prolatum
1049 1464 1115 1530 sit?
1156 1429 1190 1529 Si
1281 1467 1282 1472 ’

182 1554 244 1618 tibi
264 1552 381 1636 aliquis
401 1551 442 1616 ad
461 1573 571 1615 aurem
590 1552 778 1616 accessisset
802 1556 835 1616 et
858 1551 992 1616 dixisset
1006 1553 1188 1636 Apronium
1202 1571 1223 1610 1⁵

183 1641 332 1705 dictitare
357 1643 391 1704 te
415 1639 479 1702 sibi
502 1660 573 1703 esse
596 1639 732 1723 socium,
760 1640 956 1704 commoveri
977 1643 1011 1704 te
1033 1641 1189 1725 oportuit,

182 1750 316 1795 evocare
338 1727 533 1812 Apronium,
564 1748 624 1791 nec
649 1727 744 1792 illum
771 1730 848 1792 ante
874 1727 936 1792 tibi
965 1727 1046 1792 satis
1073 1728 1188 1814 facere,

182 1840 279 1902 quam
293 1821 331 1880 tu
345 1815 489 1880 omnium
506 1814 738 1880 existimationi
757 1816 837 1879 satis
855 1814 1000 1899 fecisses3
1019 1839 1092 1881 cum
1111 1839 1187 1882 vero

180 1906 216 1970 in
245 1905 317 1970 foro
351 1902 560 1968 celeberrimo
592 1907 687 1968 tanta
715 1903 900 1987 frequentia
930 1903 992 1969 hoc
1020 1906 1120 1970 verbo
1152 1927 1187 1970 ac

182 1993 390 2058 simulatione
408 1991 569 2075 Apronio,
596 2012 631 2056 re
653 2013 731 2057 vera
752 1991 815 2055 tibi
838 1990 1001 2056 obiectum
1024 1996 1124 2078 esset,
1151 1997 1185 2058 tu
1198 2011 1221 2050 ιο
1281 1983 1282 2002 ’

181 2102 335 2183 umquam
367 2082 495 2143 tantam
526 2080 659 2180 plagam
691 2079 810 2144 tacitus
843 2080 986 2164 accipere
1015 2081 1186 2165 potuisses,

181 2170 245 2234 nisi
267 2169 329 2233 hoc
351 2167 400 2231 ita
422 2167 608 2251 statuisses,
631 2168 666 2232 in
687 2189 725 2231 re
746 2172 815 2231 tam
838 2167 1012 2232 manifesta
1036 2169 1186 2253 quicquid

130 2270 180 2319 134
191 2257 336 2339 dixisses,
349 2259 383 2319 te
395 2255 536 2320 deterius
549 2277 618 2321 esse
631 2256 699 2320 fact
699 2255 816 2320 urum?
832 2254 1037 2340 Quaestores,
1050 2258 1186 2344 legatos,

181 2344 410 2430 praefectos,t
395 2343 543 2408 tribunos
568 2366 642 2408 suos
665 2343 762 2408 multi
735 2344 901 2408 tmissos
923 2343 1070 2408 fecerunt
1093 2345 1186 2410 etde

180 2431 348 2517 provincia
375 2431 526 2497 decedere
552 2432 729 2515 iusserunt,
757 2432 843 2515 quod
868 2431 1001 2497 illorum
1028 2433 1126 2517 eulpa
1153 2449 1220 2498 seu

181 2521 287 2584 minus
307 2521 473 2585 commode
492 2520 602 2585 audire
621 2520 817 2585 arbitrarent
819 2542 857 2585 ur
875 2524 933 2584 aut
951 2520 1037 2604 quod
1053 2543 1186 2606 peccare

181 2609 269 2710 ipsos
289 2608 429 2692 aliqua
419 2631 455 2672 ιιι
476 2631 512 2673 re
535 2608 726 2692 iudicarent,
749 2611 786 2671 tu
805 2608 998 2692 Apronium,
1020 2608 1186 2674 hominem

180 2696 234 2762 vix
252 2697 401 2782 liberum,
419 2695 684 2780 contaminatum,
706 2696 876 2780 perditum,
899 2697 1108 2782 flagitiosum,
1133 2697 1187 2781 qui
1281 2727 1282 2740 ι

180 2807 247 2851 non
268 2786 364 2851 modo
389 2785 531 2849 animum
553 2784 727 2868 integrum,
750 2784 869 2848 sedne
892 2785 1033 2849 animam
1057 2784 1186 2869 quidem

180 2898 296 2960 puram
324 2891 513 2938 conservare
541 2872 715 2956 potuisset,
742 2894 815 2937 eum
842 2871 877 2936 in
899 2875 991 2937 atnto
1014 2876 1072 2937 tuo
1096 2873 1220 2938 dedeo

181 2985 254 3028 core
267 2961 414 3047 profecto
427 2982 491 3026 noa
503 2983 543 3025 nc
557 2960 656 3025 verbo
672 2959 799 3044 quidem
815 2959 963 3045 graviore
977 2962 1185 3046 appellasses,

180 3071 283 3133 neque
316 3048 403 3150 apud
429 3053 504 3113 tet
506 3072 559 3114 am
587 3053 701 3113 sancta
727 3047 843 3133 religio
870 3049 1034 3113 societatis
1061 3049 1185 3132 fuisset,

180 3142 218 3201 ut
249 3137 298 3201 tui
330 3137 445 3222 capitis
477 3137 656 3222 periculum
687 3137 891 3223 neglegeres,
922 3137 985 3201 nisi
1016 3158 1085 3201 rem
1118 3101 1186 3204 tani
1281 3165 1282 3182 ι

18 3285 19 3306 ,
180 3228 293 3289 notam
317 3247 387 3289 esse
410 3226 559 3290 omnibus
584 3230 617 3289 et
639 3229 709 3289 tam
731 3225 937 3289 manifestam
959 3225 1094 3292 videres.

129 3323 180 3370 135
248 3310 330 3375 Oum
359 3312 471 3376 eodem
493 3313 639 3397 Apronio
666 3317 742 3396 post
744 3335 781 3378 ea
807 3312 843 3377 P.
867 3311 1061 3397 Scandilius,
1090 3336 1185 3399 eques
1198 3327 1219 3368 ³⁵

18 3395 19 3408 ¹
181 3396 356 3481 Romanus,
375 3421 470 3482 quem
488 3421 546 3464 vos
566 3421 676 3463 omnes
694 3401 808 3483 nostis,
827 3401 959 3464 eandem
979 3401 1186 3484 sponsionem

182 3483 220 3545 de
244 3485 397 3547 societate
420 3486 506 3567 fecit,
529 3508 627 3570 quam
647 3486 789 3552 Rubrius
811 3494 916 3552 faeere
939 3488 1096 3553 voluerat.
1137 3488 1187 3553 In·
