2604 3880
175 128 218 193 98
254 126 324 183 PRO
340 127 371 192 O.
381 125 511 182 ROSCIO
530 125 705 182 COMOEDO
725 123 866 183 ORATIO.
898 125 977 183 cAP.
990 132 1023 182 18
1038 134 1053 194 5
1067 132 1195 185 63-56.

175 275 329 355 restatur,
357 271 420 337 sibi
443 271 506 337 soli
528 271 626 357 petit,
654 271 749 337 alteri
772 292 868 338 nemo
889 273 1012 357 potest,
1037 271 1110 336 nisi
1136 272 1196 356 qui

175 359 325 445 cognitor
351 363 403 426 est
423 358 539 426 factus.
579 359 672 424 Itane
695 359 796 426 vero?
832 359 982 446 cognitor
1008 359 1038 424 si
1065 359 1196 424 fuisset

174 451 259 526 tuus,
274 447 360 533 quod
378 447 509 514 vicisset
522 447 649 531 iudicio,
661 446 763 513 ferres
777 451 883 532 tuum3
896 469 965 514 aum
979 469 1037 514 suo
1050 449 1195 513 nomine

123 535 283 621 repetiit,
311 537 396 621 quod
424 536 575 620 abstulit,
609 536 685 620 tibi,
709 535 862 601 nonsibi
886 537 1013 622 exegit?
1060 533 1196 612 Quodsi

176 623 347 708 quisquam
374 627 484 710 petere
510 627 621 710 potest
648 623 755 708 alteri,
783 624 838 708 qui
864 623 1013 711 cognitor
1038 645 1112 689 non
1142 628 1220 690 est⁵

174 713 295 796 factus,
323 734 456 798 quaero,
484 713 560 797 quid
588 712 649 797 ita,
675 734 748 778 cum
773 711 944 799 Panurgus
971 715 1058 777 esset
1085 711 1197 778 inter·

175 798 279 865 fectus
294 803 327 866 et
340 800 382 866 lis
400 802 584 866 contestata
602 823 675 866 cum
688 799 802 866 Flavio
822 800 931 866 damni
948 800 1068 865 iniuria
1088 805 1196 884 esset,

175 891 212 953 tu
232 889 266 953 in
289 910 361 953 eam
383 887 477 955 litem
500 888 649 974 cognitor
667 888 765 954 Rosci
788 888 971 972 siclaetus,
993 910 1067 954 cum
1092 911 1196 974 prae·

176 975 289 1045 sertim
309 998 347 1041 ex
365 979 423 1041 tua
441 976 598 1061 oratione,
622 977 844 1062 quodcumque
863 976 927 1041 tibi
948 980 1086 1061 peteres,
1113 977 1197 1044 huic

176 1068 316 1150 peteres,
346 1065 569 1150 quodcumque
595 1064 658 1129 tibi
685 1064 843 1150 exigeres,
870 1063 904 1128 id
929 1065 965 1128 in
991 1064 1234 1131 societatemn

176 1153 340 1219 recideret.
381 1151 502 1229 Quodsi
528 1153 569 1218 ad
591 1151 744 1218 Roscium
766 1152 849 1217 nihil
871 1153 1068 1238 perveniret,
1099 1154 1197 1238 quod

176 1242 213 1304 tu
231 1262 252 1305 s
269 1239 383 1307 Flavio
401 1239 603 1325 abstulisses,
625 1240 689 1306 nisi
707 1243 741 1306 te
758 1241 903 1306 insuam
924 1240 1016 1306 litem
1039 1240 1197 1308 dedisset

176 1328 387 1415 cognitorem,
411 1329 451 1394 ad
469 1333 503 1394 te
520 1328 688 1416 pervenire
706 1327 790 1393 nihil
812 1327 917 1413 debet,
940 1327 1025 1413 quod
1043 1327 1196 1396 Roscius

176 1436 235 1500 pro
255 1437 314 1481 sua
335 1419 429 1501 parte
453 1417 573 1503 exegit,
597 1417 750 1503 quoniam
772 1419 847 1482 tuus
870 1417 1020 1502 cognitor
1040 1438 1116 1482 non
1142 1422 1196 1483 est

124 1509 157 1558 5⁵
175 1502 291 1569 factus.
328 1504 412 1583 Quid
431 1506 517 1570 enim
534 1505 611 1572 huic
628 1505 676 1570 rei
693 1504 887 1590 respondere
905 1504 1036 1590 poteris,
1054 1503 1194 1572 Fanni?
1210 1523 1232 1562 15

176 1589 257 1657 Oum
272 1593 311 1658 de
330 1615 388 1659 sua
405 1598 499 1678 parte
515 1593 652 1660 Roscius
671 1596 781 1658 transe
808 1591 832 1657 't
850 1615 923 1658 cum
941 1591 1065 1676 Flavio,
1084 1595 1195 1660 actio

174 1701 249 1745 nem
268 1681 330 1745 tibi
348 1685 438 1746 tuam
457 1681 591 1767 reliquit
608 1703 651 1747 en
667 1681 755 1747 non?
810 1680 822 1745 i
839 1702 906 1746 non
924 1680 1065 1765 reliquit,
1084 1703 1194 1765 quem

176 1768 369 1835 admodum
391 1768 447 1834 HS
471 1787 612 1837 cccmoo
636 1769 678 1835 ab
701 1790 739 1834 eo
762 1771 877 1854 postea
900 1769 1059 1854 exegisti?
1083 1771 1117 1834 si
1143 1793 1194 1836 rc

175 1856 284 1943 liquit,
317 1858 393 1944 quid
423 1858 464 1924 ab
491 1858 554 1924 hoc
579 1857 678 1943 petie,
710 1856 796 1942 quod
822 1878 881 1942 per
907 1859 941 1922 tc
968 1857 1126 1943 persequi
1157 1864 1193 1925 et

175 1949 285 2030 petere
305 1946 424 2012 debes?
460 1944 634 2011 Simillima
652 1945 738 2011 enim
758 1947 791 2010 et
814 1943 954 2010 maxime
977 1945 1111 2031 gemina
1138 1969 1191 2013 so
1204 1965 1228 2003 ²⁰

176 2032 276 2099 cietas
293 2033 485 2100 hereditatis
499 2038 563 2119 est;
582 2055 677 2120 quem
697 2032 738 2098 ed
756 2033 887 2098 modum
905 2032 1012 2098 socius
1029 2033 1065 2097 in
1084 2036 1189 2101 socie·

175 2125 244 2187 tate
258 2121 358 2187 habet
371 2126 507 2208 partem,
522 2123 568 2188 sic
581 2121 675 2187 heres
688 2121 725 2186 in
735 2121 916 2186 hereditate
929 2120 1030 2186 habet
1042 2125 1191 2206 partem.

175 2207 222 2275 Ut
244 2209 338 2276 heres
362 2211 425 2276 sibi
448 2211 524 2294 soli,
550 2231 617 2276 non
642 2208 853 2276 coheredibus
880 2209 976 2294 petit,
1003 2209 1050 2274 sic
1075 2215 1191 2276 socius

177 2297 240 2361 sibi
268 2298 342 2384 soli,
368 2321 436 2366 non
458 2298 554 2364 sociis
576 2298 674 2384 petit3
701 2301 735 2363 et
758 2320 853 2383 quem
876 2296 917 2362 ad
940 2297 1072 2362 modum
1094 2302 1191 2364 uter-

176 2406 238 2469 que
264 2408 324 2472 pro
348 2408 407 2452 sua
428 2390 523 2472 parte
545 2386 642 2471 petit,
670 2386 716 2452 sic
738 2407 880 2471 pro-sue
902 2389 996 2470 parte
1020 2385 1189 2473 dissolvit,
1203 2405 1228 2444 2⁵

175 2472 268 2538 heres
296 2496 335 2539 ex
362 2497 400 2540 ea
426 2479 532 2559 parte,
561 2496 625 2560 qua
650 2473 864 2539 hereditatem
890 2473 984 2558 adiit,
1011 2475 1120 2540 socius
1147 2498 1190 2541 ex

123 2575 157 2624 oo
176 2583 228 2646 ea,
263 2584 327 2647 qua
358 2563 547 2629 societatem
579 2562 666 2628 coiit.
715 2559 817 2637 Quem
849 2562 890 2627 ed
922 2560 1052 2627 modum
1087 2584 1188 2629 suam

174 2654 301 2736 partem
324 2650 460 2717 Roscius
486 2673 545 2716 suo
567 2650 698 2716 nomine
721 2650 903 2716 condonare
925 2649 1034 2735 potuit
1055 2649 1187 2736 Flavio,

174 2742 211 2804 ut
232 2762 303 2805 eem
325 2744 363 2805 tu
384 2761 450 2805 non
472 2743 609 2824 peteres,
633 2739 687 2822 sic,
710 2759 783 2804 cum
806 2738 914 2824 exegit
936 2759 1028 2803 suem
1050 2743 1187 2823 partem

174 2830 208 2892 et
237 2827 300 2892 tibi
330 2828 494 2915 integram
524 2827 716 2913 petitionem
747 2825 892 2912 reliquit,
924 2828 1030 2892 tecum
1062 2828 1224 2912 partiris

172 2937 239 2981 non
267 2917 375 3001 debet,
401 2916 466 2982 nisi
493 2915 578 2983 forte
605 2919 642 2981 tu
669 2935 821 3000 perverso
845 2935 948 2998 more,
975 2913 1061 2998 quod
1083 2913 1186 2980 huius

174 3008 233 3088 est,
256 3005 297 3070 ab
320 3004 385 3070 alio
405 3008 595 3089 extorquere
618 3025 684 3068 non
706 3005 809 3088 potes,
831 3001 907 3068 huic
930 3001 1053 3087 eripere
1076 3006 1184 3087 potes.

174 3092 304 3159 Perstat
326 3093 360 3158 in
383 3093 546 3159 sententia
568 3089 730 3175 Saturius,
757 3089 978 3174 quodcumque
1002 3089 1065 3155 sibi
1088 3095 1184 3176 petat

174 3181 289 3264 socius,
307 3181 340 3246 id
359 3180 525 3248 societatis
543 3179 623 3245 fieri.
655 3178 747 3255 Quod
767 3178 795 3242 si
812 3179 860 3243 ita
879 3181 937 3262 est,
956 3199 1029 3264 qua,
1048 3179 1183 3263 malum,

174 3269 317 3333 stultitia
338 3268 402 3336 fuit
423 3269 575 3352 Roscius,
598 3268 715 3353 quiex
738 3266 818 3332 iuris
840 3266 1020 3352 peritorum
1043 3267 1220 3332 concilies

173 3359 207 3419 et
234 3357 427 3424 auctoritate
454 3357 704 3442 restipularetur
726 3378 746 3420 a
768 3353 892 3421 Fannio
915 3354 1104 3441 diligenter,
1133 3359 1181 3438 ut,

175 3443 261 3523 quod
291 3443 319 3506 is
354 3445 513 3528 exegisset
545 3467 565 3507 a
595 3442 723 3527 Flavio,
759 3442 925 3508 dimidiam
957 3447 1085 3528 partem
1116 3442 1181 3508 sibi
