2600 3878
333 159 401 216 ΜΒ.
420 160 458 214 lv
481 158 568 252 'CAR
587 166 694 216 aa-aa
712 167 727 228 s
745 165 859 216 ee-ca.
1032 159 1099 225 385

91 302 255 368 hominem
276 323 344 369 non
366 303 472 368 solum
496 303 596 387 domi,
620 304 676 370 sed
698 308 771 370 tota
793 302 961 370 Siciliain
983 303 1097 390 primis

90 391 247 476 nobilem,
273 391 383 457 vocari
408 391 529 457 iussit.¹
552 391 594 457 Ei
615 393 784 478 negotium
807 392 908 478 dedit,
935 396 985 477 ut,
1013 392 1099 476 quic·

92 479 168 564 quid
190 478 329 545 Halunti
355 483 441 545 esset
469 480 597 567 argenti
624 481 742 546 caelati
767 484 825 548 aut
846 481 876 547 si
899 481 976 566 quid
999 469 1099 546 etiam
1161 552 1164 562 y
1203 560 1204 564 Ἰ

92 565 343 652 Corinthiorum,
364 567 399 632 id
416 589 512 634 omne
530 569 643 634 statim
666 569 707 634 ad
730 591 819 635 mare
842 591 881 636 ex
904 569 1023 655 oppido
1048 569 1098 635 de

65 659 285 741 sportaretur.
320 654 475 722 Escendit
492 656 527 721 in
545 656 699 742 oppidum
713 656 954 743 Archagathus.
989 656 1112 724 Homo·

91 743 224 828 nobilis,
261 745 317 828 qui
349 766 369 810 a
400 744 467 810 suis
498 745 601 812 amari
633 749 667 810 ct
698 745 791 831 diligi
824 746 935 828 vellet,
970 744 1098 810 ferebat
1175 741 1183 752 '

132 832 236 898 ariter
249 832 342 897 illam
361 832 425 899 sibi
443 833 484 898 ab
502 832 568 900 isto
585 832 787 917 provinciam
805 833 917 898 datam
933 853 1003 917 nec,
1021 832 1098 916 quid

106 924 225 1006 sceret,
260 920 417 1005 habebat;
453 921 658 1006 pronuntiat,
694 921 771 1006 quid
807 920 871 986 sibi
902 920 1098 1005 imperatum

93 1011 190 1092 esset,
220 1008 312 1074 iubet
343 1008 449 1075 omnis
475 1009 635 1094 proferre,
667 1010 753 1094 quod
779 1009 947 1075 haberant.
991 1007 1098 1074 Metus

51 1116 79 1156 ιο
93 1099 162 1162 erat
181 1118 340 1182 summus,
361 1097 431 1182 ipse
450 1097 535 1162 enim
553 1100 710 1182 tyrannus
733 1118 800 1163 non
822 1096 1006 1163 discedebat
1029 1096 1098 1161 lon·

13 1241 14 1250 ,
93 1185 179 1271 gius3
201 1184 450 1272 Archagathum
470 1189 503 1250 et
525 1188 696 1270 argentum
717 1185 752 1250 in
774 1185 890 1251 lectica
912 1184 1033 1251 cubans
1057 1183 1099 1250 ad

13 1303 14 1340 3
92 1294 181 1339 mare
202 1272 289 1338 infra
311 1273 466 1358 oppidum
489 1274 689 1359 expectabat.
725 1271 828 1349 Quem
850 1293 1042 1340 concursum
1064 1271 1100 1338 in
1117 1282 1152 1335 cr

13 1391 14 1430 3
92 1361 211 1446 oppido
233 1360 357 1427 factum
379 1361 518 1447 putatis,
546 1383 642 1446 quem
665 1362 854 1446 clamorem,
882 1382 978 1445 quem
1000 1381 1098 1444 porro

90 1449 203 1516 fletum
221 1449 416 1516 mulierum?
440 1450 496 1533 qui
513 1448 646 1534 videret,
669 1470 787 1534 equum
805 1449 982 1514 Troianum
999 1448 1099 1513 intro

13 1571 14 1608 r
49 1556 78 1597 1⁵
92 1538 237 1623 ductum,
268 1538 383 1603 urbem
414 1541 545 1621 captam
576 1537 704 1603 diceret
752 1537 872 1604 Efferri
899 1537 968 1603 sine
995 1535 1099 1601 thecis

13 1661 14 1700 q
91 1646 184 1709 uasa,
216 1625 402 1710 extorqueri
429 1625 495 1690 alia
522 1647 540 1690 e
566 1626 716 1691 manibus
744 1625 931 1710 mulierum,
963 1622 1100 1708 ecfringi

13 1767 14 1790 ,
92 1713 271 1779 multorum
288 1713 389 1797 fores,
411 1713 526 1779 revelli
548 1715 700 1780 claustra.
736 1712 820 1790 Quid
842 1713 929 1778 enim
951 1712 1099 1797 putatis?

13 1841 15 1880 ,
92 1798 190 1866 Scuta
217 1801 247 1866 si
274 1801 401 1886 quando
429 1800 662 1886 conquiruntur
689 1823 710 1866 a
733 1799 871 1887 privatis
893 1800 1038 1865 inbelle
1062 1820 1099 1864 ac

13 1927 15 1970 ᾗ
91 1889 249 1974 tumultu,
271 1894 383 1955 tamen
404 1889 553 1955 homines
575 1888 672 1955 inuiti
695 1889 786 1972 dant,
810 1888 872 1954 etsi
895 1887 1099 1955 adsalutem

14 2019 16 2058 ,
49 1997 78 2038 ao
93 1998 295 2044 communem
310 1977 380 2043 dari
394 1977 548 2062 sentiunt,
564 1999 606 2042 ne
620 1999 716 2062 quem
729 1976 852 2061 putetis
869 1976 938 2042 sine
957 1974 1098 2041 maximo

92 2065 203 2131 dolore
224 2068 396 2153 argentum
419 2067 580 2132 caelatum
603 2065 712 2149 domo,
735 2065 821 2149 quod
844 2064 928 2130 alter
950 2063 1099 2148 eriperet,

14 2197 16 2236 2
91 2153 276 2239 protulisse.
318 2153 435 2220 Omnia
463 2153 659 2220 deferuntur.
699 2152 874 2237 Cibyratae
901 2152 1019 2217 fratres
1044 2173 1099 2216 uo·

14 2299 15 2306 ,
91 2246 220 2327 cantur,
247 2264 352 2328 pauca
373 2243 564 2326 inprobant3
588 2263 670 2326 quae
692 2241 884 2326 probarent,
906 2240 947 2306 iis
970 2243 1099 2308 crustae

14 2375 15 2414 3
92 2334 150 2396 aut
172 2330 368 2396 emblemata
391 2329 654 2396 detrahebantur.
690 2327 743 2396 Sic
759 2327 935 2394 Haluntini
956 2327 1099 2394 excussis

14 2491 15 2502 ,
50 2435 78 2477 aa
93 2417 218 2483 deliciis
241 2440 314 2484 cum
337 2421 472 2504 argento
495 2440 577 2502 puro
601 2418 732 2484 domum
754 2420 970 2483 revertuntur.
1108 2464 1153 2530 24

14 2553 15 2590 3
160 2494 252 2582 Quod
273 2528 441 2591 umquam,
464 2505 599 2590 iudices,
621 2505 753 2572 huiusce
776 2505 864 2572 modi
886 2505 1152 2593 everriculum„

14 2641 15 2648 κ
91 2593 161 2660 ulla
187 2593 222 2658 in
250 2593 418 2676 provincia
443 2593 526 2659 fuit?
567 2592 724 2659 Avertere
752 2593 875 2679 aliquid
902 2593 941 2659 de
967 2592 1098 2680 publico

92 2703 191 2766 quam
219 2681 446 2747 obscurissime
472 2704 531 2766 per
555 2682 786 2767 magistratum
808 2682 971 2766 solebant3
1000 2681 1099 2746 etiam

92 2791 166 2836 cum
193 2769 317 2854 aliquid
344 2792 364 2835 a
389 2770 519 2856 privato
545 2792 802 2855 nonnumquam,
830 2769 954 2836 occulte
977 2768 1099 2835 aufere

48 2875 77 2916 ⁸0
90 2858 187 2943 bant,
214 2861 248 2923 et
271 2858 296 2923 ii
317 2862 429 2925 tamen
451 2859 757 2924 condemnabantur.
797 2858 854 2942 Et,
882 2857 912 2922 si
934 2855 1100 2941 quaeritis,

90 2950 129 3012 ut
156 2946 227 3032 ipse
255 2946 294 3011 de
321 2967 373 3011 me
398 2946 580 3031 detraham,
607 2946 683 3012 illos
705 2966 768 3033 ego
792 2946 996 3012 accusatores
1018 2947 1099 3029 puto

89 3034 202 3118 fuisse,
225 3034 282 3119 qui
300 3033 369 3100 eius
388 3034 476 3100 modi
493 3034 661 3100 hominum
679 3035 769 3099 furta
787 3033 885 3099 odore
908 3035 966 3097 aut
988 3031 1098 3116 aliquo

90 3123 208 3188 leviter
248 3144 361 3208 presso
396 3123 536 3209 vestigio
574 3122 859 3207 persequebantur.
916 3118 1004 3184 Nam
1038 3141 1099 3186 nos
1166 3189 1168 3194 ,

91 3211 223 3295 quidem
255 3211 332 3296 quid
360 3209 497 3277 facimus
524 3211 559 3275 in
580 3210 697 3294 Verre,
729 3231 824 3294 quem
851 3208 886 3273 in
913 3208 983 3273 luto
1010 3207 1100 3273 volu·
1184 3212 1188 3220 '

47 3315 75 3358 es
90 3301 200 3364 tatum
213 3300 315 3364 totius
330 3299 474 3384 corporis
488 3297 637 3385 vestigiis
650 3297 854 3363 invenimus?
881 3295 1100 3382 Permagnum

90 3386 195 3452 estin
213 3408 286 3452 eum
306 3387 410 3454 dicere
431 3387 562 3472 aliquid,
586 3387 642 3471 qui
663 3385 862 3469 praeteriens
886 3383 1002 3450 lectica
1022 3407 1099 3469 pau-

89 3474 194 3558 lisper
225 3474 373 3560 deposita
403 3497 470 3542 non
496 3497 555 3561 per
581 3473 790 3560 praestigias,
822 3474 880 3540 scd
905 3473 1015 3559 palam
1042 3493 1100 3557 per
1166 3535 1168 3539 ,

147 3585 202 3628 oro.
214 3587 248 3628 11.
272 3589 291 3630 1.
853 3582 887 3632 ab
