2622 3884
380 221 447 278 ΗΒ.
461 222 501 278 IV
533 222 610 278 cnr.
631 228 734 278 rs-rs
753 228 768 290 s
787 229 901 279 sc-se.
1080 223 1145 289 379

136 363 201 432 ‘Ita
216 364 352 452 opinor?
381 364 463 452 Scio,
477 367 619 452 inquam.
650 366 829 433 ‘Proferam
843 366 994 434 litteras?
1022 368 1146 434 Tamen

134 454 170 520 id
191 455 315 521 factum
335 477 404 522 non
426 456 580 541 oportuit.
621 455 652 520 A
674 455 801 541 pupillo
824 454 917 542 Heio,
940 456 992 522 cui
1014 456 1049 523 O.
1062 457 1147 523 Mar-

135 545 238 610 cellus
265 546 357 610 tutor
379 547 442 629 est,
470 567 489 609 a
512 566 576 629 quo
598 545 770 629 pecuniam
793 545 950 632 grandem
972 545 1146 630 eripueras,

136 632 271 719 scaphia
298 655 371 699 cum
399 632 603 699 emblematis
625 632 774 718 Lilybaei
801 639 911 700 utrum
940 637 1050 720 empta
1076 655 1146 699 esse

106 721 217 788 odicis
241 743 283 786 an
305 722 469 788 confiteris
493 721 626 807 erepta?

204 808 267 876 Sed
294 810 371 895 quid
394 832 455 898 ego
476 811 572 875 istius
595 809 630 874 in
653 809 722 876 eius
745 809 834 876 modi
855 812 953 877 rebus
976 811 1146 877 mediocris
1165 825 1199 874 ss

135 898 272 964 iniurias
291 899 421 985 colligo,
444 921 527 984 quae
544 903 674 964 tantum
697 899 793 964 modo
816 898 852 963 in
872 898 971 964 furtis
994 899 1090 965 istius
1113 903 1146 965 et

137 987 264 1054 damnis
292 1009 417 1072 eorum,
444 986 604 1073 aquibus
628 986 810 1072 auferebat,
837 991 986 1053 versatae
1009 1009 1079 1053 esse
1102 987 1147 1054 vi·

137 1076 296 1143 deantur?
338 1076 498 1163 Accipite,
522 1076 550 1142 si
571 1076 685 1161 voltis,
708 1075 842 1160 iudices,
865 1097 934 1141 rem
958 1075 1026 1141 eius
1049 1075 1146 1160 modi,

93 1183 122 1224 1⁰
135 1169 174 1230 ut
197 1165 374 1230 amentiam
397 1165 597 1252 singularem
619 1168 653 1229 et
674 1163 818 1230 furorem
840 1164 916 1250 iam,
938 1185 1004 1230 non
1026 1163 1146 1249 cupidi-

135 1257 240 1319 tatem
272 1254 341 1318 eius
373 1254 554 1339 perspicere
582 1253 726 1338 possitis.
774 1251 956 1318 Melitensis
982 1253 1146 1318 Diodorus
1158 1258 1199 1324 18

136 1346 196 1426 est,
215 1342 271 1426 qni
289 1341 376 1426 apud
394 1363 452 1408 vos
472 1345 569 1408 antea
586 1341 810 1407 testimonium
830 1340 920 1408 dixit.
951 1340 983 1406 Is
997 1339 1147 1425 Lilybaei

136 1431 259 1496 multos
286 1431 352 1496 iam
379 1451 481 1496 annos
508 1430 651 1514 habitat,
678 1429 777 1495 homo
803 1433 837 1494 ot
859 1429 948 1495 domi
969 1429 1089 1495 nobilis
1114 1433 1148 1495 et

137 1518 224 1604 apud
242 1541 306 1604 eos,
326 1540 389 1603 quo
409 1541 444 1584 se
463 1519 611 1604 contulit,
633 1521 768 1602 propter
785 1517 940 1583 virtutem
959 1518 1146 1602 splendidus

94 1624 123 1666 rs
137 1610 171 1672 et
198 1606 371 1694 gratiosus.
415 1607 466 1673 De
492 1607 555 1673 hoc
572 1605 669 1672 Verri
697 1606 814 1672 dicitur
835 1607 957 1671 habere
980 1628 1054 1672 eum
1076 1628 1147 1691 per·

136 1695 224 1761 bona
250 1699 446 1780 toreumata3
473 1695 507 1761 in
534 1695 586 1760 his
612 1695 731 1780 pocula
759 1694 930 1779 quaedam,
958 1715 1040 1779 quae
1063 1694 1147 1759 The-

136 1784 231 1850 riclia
265 1785 489 1869 nominantur,
524 1783 683 1849 Mentoris
719 1804 818 1849 manu
849 1803 975 1848 summo
1009 1783 1146 1848 artificio

135 1872 234 1938 facta.
278 1871 371 1949 Quod
400 1873 463 1938 iste
490 1872 547 1938 ubi
575 1871 712 1956 audivit,
745 1871 791 1938 sic
817 1870 994 1957 cupiditate
1020 1871 1148 1936 inflam-

137 1964 246 2026 matus
274 1966 325 2027 est
351 1983 418 2028 non
445 1962 551 2026 solum
573 1959 779 2045 inspiciendi,
804 1981 916 2025 verum
940 1959 1038 2024 etiam
1062 1959 1148 2024 aufe·

95 2067 124 2109 so
137 2049 242 2133 rendi,
268 2053 306 2114 ut
327 2049 508 2116 Diodorum
536 2048 578 2114 ad
604 2070 639 2114 se
665 2051 798 2114 vocaret
821 2069 858 2114 ac
880 2050 1037 2132 posceret.
1076 2045 1148 2133 Ille,

136 2138 205 2292 ru
221 2135 1147 2310 ressa{stt{rotetsrsctltttts

341 2277 351 2311 7
997 2307 999 2311 .

137 2315 317 2400 reliquisse.
357 2313 441 2379 Tum
468 2316 530 2380 iste
558 2315 710 2380 continuo
738 2313 843 2379 mittit
868 2313 1017 2379 homines
1041 2317 1147 2379 certos
1166 2325 1198 2375 39

138 2403 300 2486 Melitam,
328 2403 441 2468 scribit
468 2403 509 2468 ad
537 2401 695 2487 quosdam
717 2402 918 2488 Melitenses,
945 2405 983 2467 ut
1008 2424 1046 2468 ea
1068 2423 1148 2468 vasa

96 2508 124 2552 re
138 2490 339 2578 perquirant,
361 2496 458 2578 rogat
474 2490 665 2575 Diodorum,
686 2493 724 2556 ut
750 2491 791 2556 ad
812 2490 908 2556 illum
929 2491 1148 2576 propinquom

138 2603 234 2646 suum
261 2579 317 2645 det
343 2580 485 2664 litteras3
514 2579 597 2645 nihil
626 2579 656 2644 ei
681 2579 812 2665 longius
839 2579 1023 2665 videbatur,
1051 2602 1148 2664 quam

139 2670 215 2735 dum
243 2668 326 2734 illud
352 2668 476 2735 videret
504 2672 685 2755 argentum.
729 2667 907 2753 Diodorus,
933 2667 1032 2733 homo
1060 2667 1149 2754 frugi

139 2781 178 2824 ac
209 2757 362 2845 diligens,
395 2758 450 2844 qni
478 2779 537 2823 sua
563 2778 692 2822 servare
718 2757 832 2841 vellet,
864 2756 905 2822 ad
932 2755 1148 2840 propinquom

139 2867 234 2912 suum
261 2846 388 2932 scribit,
414 2851 452 2912 nt
478 2845 533 2929 iis,
561 2845 617 2930 qui
644 2867 663 2911 a
685 2843 787 2910 Verre
813 2844 991 2928 venissent,
1019 2864 1148 2926 respon·

98 2953 125 2995 eo
139 2936 230 3000 deret
260 2934 343 3000 illud
375 2937 547 3022 argentum
580 2955 614 3000 se
645 2933 756 3019 paucis
785 2932 853 2997 illis
880 2931 993 2996 diebus
1020 2930 1148 2996 misisse

138 3023 340 3108 Lilybaeum.
375 3022 450 3109 Ipse
468 3023 593 3089 interea
615 3022 749 3106 recedit3
772 3021 886 3086 abesse
910 3041 930 3084 a
953 3019 1048 3084 domo
1071 3041 1148 3102 pau·

138 3113 240 3198 lisper
275 3112 393 3178 maluit
429 3133 526 3197 quam
563 3131 717 3196 praesens
752 3108 835 3174 illud
871 3107 993 3192 optime
1024 3105 1148 3173 factum

139 3205 311 3287 argentum
339 3200 498 3266 amittere.
539 3199 633 3277 Quod
655 3198 712 3264 ubi
734 3197 798 3262 iste
821 3195 958 3280 audivit,
985 3217 1086 3281 usque
1110 3217 1148 3261 eo

140 3293 321 3356 commotus
341 3292 400 3374 est,
422 3292 460 3354 ut
479 3288 548 3354 sine
566 3287 636 3353 ulla
656 3285 859 3352 dubitatione
882 3283 1024 3350 insanire
1048 3284 1149 3349 omni·

99 3395 126 3437 aa
139 3377 201 3443 bus
228 3400 266 3444 ac
292 3378 399 3444 furere
425 3376 598 3443 videretur.
643 3374 726 3452 Quia
752 3394 819 3439 non
844 3375 998 3456 potuerat
1026 3373 1148 3458 eripere

140 3471 311 3553 argentum
344 3467 427 3551 ipse,
459 3487 479 3530 a
504 3463 649 3529 Diodoro
682 3465 795 3549 erepta
826 3461 890 3526 sibi
921 3483 1000 3527 vasa
1026 3461 1150 3546 optime

139 3553 227 3620 facta
264 3554 404 3638 dicebat3
442 3552 587 3618 minitari
624 3551 751 3616 absenti
785 3549 942 3636 Diodoro,
977 3549 1150 3616 vociferari
