2604 3880
143 140 208 206 152
441 138 481 194 IN
500 137 530 195 0.
544 137 699 194 VERREM
716 137 797 194 ACT.
815 138 850 194 11.

140 285 284 368 ficerent,
301 305 352 369 ne,
371 305 467 368 quem
481 305 577 348 nemo
595 283 702 368 prima
720 283 847 349 actione
866 281 1034 349 defendere
1051 306 1149 350 ausus

142 375 237 455 esset,
261 393 335 438 eum
353 392 414 457 ego
436 371 488 437 bis
511 393 662 438 accusare
683 393 751 437 non
771 392 910 456 possem.
944 372 1018 458 Ego
1041 395 1149 438 mcum

141 460 314 528 consilium
328 482 401 526 cum
414 459 583 543 iudicibus,
604 463 676 525 tum
694 459 816 544 populo
830 459 977 525 Romano
997 461 1148 545 probavi3

141 570 237 614 nemo
256 552 315 631 est,
338 547 394 633 qui
412 547 479 613 alia
500 548 626 612 ratione
648 547 787 613 istorum
809 547 946 612 iniuriae
969 552 1067 632 atque
1088 549 1148 613 im-

140 635 315 722 pudentiae
350 635 497 720 potuisse
532 635 648 701 obsisti
684 636 870 701 arbitretur.
919 635 1051 701 Etenim
1085 656 1175 721 quar

142 724 287 790 stultitia
303 724 447 808 fuissem,
466 723 503 806 si,
522 745 620 807 quam
639 722 733 807 diem,
756 723 813 809 qui
830 723 930 789 istum
949 723 1149 809 eripiendum

88 809 96 828 ⁸
115 843 118 848 ·
140 812 361 896 redemerunt,
387 811 423 876 in
450 812 599 876 cautione
625 811 788 895 viderunt,
815 833 889 877 oum
912 812 961 876 ite
984 816 1148 878 ceverenti

143 901 188 966 ‘si
214 904 292 986 post
318 899 482 964 Kalendas
509 898 577 964 Ian.
599 899 635 963 in
660 899 833 964 consilium
860 898 987 985 iretur',
1015 900 1149 965 ineam

88 997 123 1048 32
142 988 227 1054 diem
255 1009 330 1074 ego,
357 1010 430 1054 cum
456 987 635 1072 potuissem
660 987 777 1072 vitare,
803 987 1010 1053 incidissem?
1054 987 1149 1054 Nunc

141 1077 224 1142 mibi
254 1076 412 1161 temporis
443 1075 526 1158 eius,
558 1075 644 1158 quod
672 1075 754 1139 mihi
780 1076 821 1140 ad
849 1075 1017 1142 dicendum
1044 1075 1191 1160 datur,1o

142 1165 296 1249 quoniam
323 1163 359 1228 in
385 1162 493 1227 animo
517 1166 567 1226 est
589 1184 720 1227 causam
743 1184 872 1229 omnem
895 1184 1066 1249 exponere,
1092 1164 1150 1229 ha-

142 1252 249 1318 benda
271 1251 356 1316 ratio
381 1253 431 1314 est
454 1250 636 1335 diligenter.

91 1333 133 1397 12
209 1339 324 1422 Itaque
351 1339 493 1423 primum
519 1338 614 1402 illum
642 1341 750 1404 actum
773 1339 869 1404 istius
892 1340 980 1405 vitae
1001 1340 1150 1425 turpissi-

142 1449 233 1494 mum
255 1431 289 1491 et
310 1425 604 1512 flagitiosissimum
631 1426 899 1511 praetermittam.
939 1426 1032 1494 Nihil
1055 1450 1075 1492 1
1096 1449 1149 1493 me

142 1514 182 1580 de
212 1514 371 1600 pueritiae
402 1536 480 1580 suae
508 1513 643 1600 flagitiis
674 1514 795 1597 audiet,
826 1515 910 1579 nihil
937 1536 976 1580 ex
1002 1515 1063 1580 illa
1088 1516 1148 1580 im·
1164 1535 1191 1578 15

142 1625 225 1689 pura
248 1602 468 1678 adulescentia
490 1624 564 1688 sua,
590 1624 672 1686 quae
695 1601 801 1686 qualis
823 1602 936 1686 fuerit,
959 1607 1017 1667 aut
1039 1603 1149 1668 memi-

141 1690 238 1756 nistis
267 1695 325 1756 aut
350 1713 463 1774 exeo,
491 1712 587 1775 quem
611 1691 661 1754 rui
684 1690 887 1756 simillimum
908 1691 1073 1776 produxit,
1100 1713 1149 1756 re·

142 1800 337 1865 cognoscere
372 1779 520 1864 potestis.
571 1778 688 1844 Omnia
720 1778 918 1863 praeterib0,
954 1801 1036 1863 quae
1068 1779 1150 1844 mihi

142 1868 252 1952 turpia
283 1867 371 1932 dictu
406 1866 614 1945 videbuntur,
649 1888 754 1950 neque
786 1867 904 1948 solum,
941 1867 1018 1952 quid
1047 1867 1149 1932 istum

143 1955 263 2039 audire,
284 1976 397 2020 verum
420 1953 532 2038 etiam,
560 1955 638 2038 quid
660 1975 712 2018 me
735 1955 846 2020 deceat
869 1954 985 2036 dicere,
1007 1955 1148 2021 conside
1161 1975 1190 2017 ro
1297 1957 1299 1966 ’

141 2042 232 2107 rabo.
268 2040 346 2125 Vor,
369 2064 499 2126 quaeso,
522 2042 596 2107 date
615 2042 677 2108 hoc
696 2045 730 2106 11
748 2042 912 2107 concedite
929 2042 1045 2127 pudori
1066 2065 1149 2128 meo,

141 2134 179 2196 ut
198 2129 342 2212 aliquam
363 2133 491 2214 partem
514 2130 554 2194 do
575 2130 672 2195 istius
694 2129 896 2215 impudentia
917 2130 1051 2194 reticere
1072 2152 1149 2215 pos-

90 2225 124 2274 38
144 2218 215 2282 sim.
260 2215 362 2281 Omne
386 2217 469 2281 illud
496 2222 637 2303 tempus,
670 2219 755 2302 quod
781 2217 858 2301 fuit,
886 2221 1059 2303 antequam
1085 2219 1149 2283 iste

143 2305 184 2369 ad
204 2305 418 2390 magistratus
441 2326 573 2389 remque
595 2306 759 2390 publicam
782 2306 927 2390 accessit,
949 2305 1069 2370 habeat
1090 2329 1148 2390 per

142 2413 194 2456 mc
226 2392 369 2458 solutum
401 2415 439 2458 ac
469 2392 623 2477 liberum,
655 2393 790 2458 sileatur
819 2394 859 2459 de
884 2394 1051 2459 nocturnis
1079 2394 1147 2459 eius
1161 2413 1189 2456 rc

85 2541 88 2546 ,
142 2480 408 2546 bacchationibus
437 2503 475 2546 ac
500 2481 637 2567 vigiliis,
665 2483 831 2565 lenonum,
858 2482 1051 2565 aleatorum,
1078 2503 1149 2567 per·
1209 2493 1211 2497 ‘

142 2568 313 2634 ductorum
330 2570 423 2635 nulla
440 2569 562 2634 mentio
581 2570 649 2652 fiat,
668 2569 795 2654 damna,
813 2568 977 2654 dedecora,
996 2591 1147 2654 quaeres

141 2657 246 2742 patris
261 2657 338 2740 eius,
353 2661 443 2722 aetus
456 2657 559 2741 ipsius
573 2657 718 2742 pertulit,
734 2660 988 2743 praetereantur,
1006 2659 1149 2723 lucretur

140 2745 260 2810 indicia
277 2745 396 2810 veteris
414 2744 577 2830 infamiae,
598 2745 744 2830 patiatur
766 2746 835 2811 eius
857 2747 927 2811 vita
948 2745 1074 2829 reliqua
1096 2767 1147 2810 me

88 2836 123 2886 34
140 2832 225 2898 hanc
245 2836 373 2898 tantam
391 2832 550 2897 iacturam
568 2833 739 2897 eriminum
761 2833 876 2898 facere.
913 2833 1074 2910 Quaestor
1090 2831 1147 2898 On
1162 2851 1190 2892 co

140 2919 272 3005 Papirio
305 2920 436 2985 consule
467 2918 561 2984 fuisti
592 2920 711 2986 abhinc
742 2942 844 2986 annos
881 2921 1147 3007 quattuordecim.

139 3007 190 3072 Ex
222 3030 260 3073 11
292 3007 343 3072 die
375 3006 417 3073 ad
447 3006 531 3072 hanc
563 3006 647 3071 diem
675 3030 757 3091 quae
783 3009 904 3094 fecisti,
934 3009 970 3074 in
995 3009 1147 3075 iudicium

139 3117 234 3179 voc03
262 3095 344 3161 hora
369 3094 462 3159 nulla
490 3116 592 3159 vacua
615 3116 635 3158 a
655 3094 759 3180 furto,
788 3098 920 3180 scelere,
947 3097 1149 3181 crudelitate,

139 3182 267 3268 flagitio
290 3182 478 3267 reperietur.
523 3180 568 3244 Hi
592 3185 668 3246 sunt
691 3185 767 3248 anni
791 3185 975 3270 consumpti
996 3185 1032 3249 in
1055 3206 1149 3270 quae

140 3273 233 3335 stura
251 3273 284 3334 et
302 3267 623 3354 legationehsiatica
642 3272 675 3334 et
692 3276 847 3356 praetura
863 3272 989 3337 urbana
1008 3277 1042 3337 ct
1058 3294 1149 3358 prae·
1162 3287 1189 3331 11

58 3384 61 3390 ·
139 3361 215 3422 tura
237 3355 406 3421 Siciliensi.
451 3352 556 3429 Quare
583 3355 664 3422 haec
692 3359 804 3424 eadem
827 3361 889 3426 erit
912 3360 1149 3445 quadripertita

139 3442 326 3508 distributio
350 3441 452 3506 totius
476 3443 691 3509 accusationis
714 3469 813 3512 meuc,
