2564 3876
179 194 222 260 88
374 190 446 246 ruo
465 190 496 257 c.
510 190 640 246 uoecrc
660 189 835 246 ccuosuo
855 189 996 246 curuo.

178 342 229 404 est
248 357 408 422 expressa
441 335 504 412 Qui
522 357 620 420 quam
638 335 681 401 ob
701 357 771 400 rem
793 333 950 400 Roscium
972 334 1106 400 similem
1125 334 1184 399 sui
1272 377 1273 414 ,

177 427 213 492 in
231 425 346 490 fraude
368 426 404 490 et
424 423 554 490 malitia
576 423 784 507 existimarit,
806 424 923 488 mirum
946 423 1027 488 mihi
1048 423 1183 505 videtur,

176 513 242 579 nisi
268 513 356 579 forte
381 513 468 598 quod
489 513 655 597 praeclare
678 512 764 577 hunc
786 510 911 576 imitari
933 533 968 576 se
990 512 1025 577 in
1046 531 1185 597 persona
1272 509 1273 574 i

125 615 158 666 at
179 602 305 668 lenonis
319 601 559 667 animadvertit.
592 600 836 677 Quamobrem
852 599 952 664 etiam
971 602 1068 684 atque
1084 599 1185 665 etiam

178 689 356 774 considera,
378 687 414 756 O.
431 688 518 773 Piso,
541 689 613 772 quis
637 709 733 774 quem
754 687 923 754 fraudasse
947 687 1079 754 dicatur.
1119 687 1216 752 ito-s

179 779 264 846 scius
295 776 470 844 Fannium!
521 776 605 854 Quid
637 780 687 842 est
718 776 802 842 hoc?
838 777 961 861 probus
994 777 1185 862 improbum,

177 867 302 954 pudens
333 866 566 952 impudentem,
599 865 767 950 periurum
795 868 918 949 castus,
950 865 1104 930 callidum
1127 865 1186 929 im-

178 957 318 1041 peritus,
346 954 492 1021 liberalis
515 953 668 1019 avidum?
704 952 897 1018 Incredibile
921 956 979 1018 est.
1022 953 1125 1030 Quem
1144 952 1187 1017 ad

178 1045 320 1127 modum,
334 1043 364 1108 si
376 1041 519 1108 Fannius
532 1040 687 1107 Roscium
699 1040 869 1107 fraudasse
882 1040 1053 1125 diceretur,
1068 1046 1188 1107 utrum-
1273 1057 1274 1104 ὲ

180 1154 242 1217 que
274 1155 313 1198 ex
344 1131 513 1215 utriusque
543 1150 684 1215 persona
713 1129 783 1195 veri
812 1128 919 1194 simile
946 1129 1125 1214 videretur,
1155 1132 1188 1194 st
1205 1147 1234 1186 ιο
1273 1133 1274 1140 ’

179 1221 340 1286 Fannium
357 1241 415 1305 per
433 1217 595 1285 malitiam
612 1218 738 1302 fecisse,
761 1221 795 1282 et
811 1217 966 1283 Roscium
987 1240 1049 1303 per
1070 1219 1189 1303 impru-

180 1308 324 1374 dentium
356 1307 526 1391 deceptum
558 1327 643 1390 esse,
675 1306 735 1389 sic,
767 1327 840 1372 cum
867 1305 1005 1372 Roscius
1029 1304 1189 1372 Fannium
1274 1330 1275 1394 p

179 1396 347 1461 fraudasse
375 1398 545 1480 arguatur,
572 1398 745 1478 utrumque
769 1393 958 1461 incredibile
981 1398 1045 1478 est,
1073 1398 1109 1460 et
1130 1394 1189 1460 Ro
1274 1395 1275 1406 ‘

180 1484 283 1550 scium
306 1483 478 1568 quicquam
501 1504 559 1568 per
582 1482 755 1585 avaritiam
778 1481 952 1568 appetisse,
974 1486 1008 1548 et
1029 1481 1190 1548 Fannium
1274 1501 1275 1552 4

140 1571 944 1744 8qmelgldiirldipidrsddtnddidlsnrdddlizmsspdectemus
962 1659 1099 1744 reliqua.
1137 1658 1192 1724 HS
1207 1587 1235 1628 1⁵
1274 1619 1275 1626 ἵ

128 1710 160 1760 ²²
179 1768 257 1817 1000
282 1748 320 1825 Q.
338 1747 475 1814 Roscius
501 1746 666 1813 fraudavit
689 1746 858 1812 Fannium.
903 1746 975 1823 Qua
1002 1747 1043 1812 de
1071 1749 1193 1814 eausa?

179 1835 333 1902 Subridet
346 1835 505 1919 Saturius,
518 1839 695 1919 veterator,
708 1839 746 1900 ut
760 1835 823 1900 sibi
836 1835 977 1920 videtur3
996 1835 1044 1901 ait
1057 1840 1194 1921 propter

179 1927 252 2011 ipse
274 1923 330 1990 HS
353 1942 441 1992 loos.
481 1922 599 2008 Vide03
626 1923 684 1988 sed
707 1927 833 2006 tamen,
860 1945 917 1988 cur
938 1924 1012 2009 ipsa
1034 1922 1092 1989 HS
1115 1942 1193 1992 1000
1275 1942 1276 2012 t

178 2018 249 2079 tam
280 2014 488 2080 vehementer
519 2011 731 2097 concupierit,
765 2033 900 2096 quaere,
931 2033 1008 2076 nam
1040 2012 1118 2096 tibi,
1149 2012 1193 2078 M.
1208 2031 1237 2071 so
1275 2013 1276 2044 ³

178 2101 357 2187 Perpenna,
380 2099 415 2166 O.
427 2100 514 2184 Piso,
537 2104 624 2166 certe
642 2099 729 2164 tanti
746 2119 814 2165 non
835 2100 983 2184 fuissent,
1005 2104 1044 2165 ut
1066 2100 1194 2166 socium

179 2189 384 2255 fraudaretis.
420 2188 539 2254 Roscio
557 2211 614 2255 cur
634 2188 721 2253 tanti
741 2187 873 2269 fuerint,
895 2209 1028 2254 causam
1050 2188 1195 2273 requiro.
1275 2237 1276 2242 η

179 2277 332 2363 Egebat?
373 2275 478 2342 Immo
511 2277 655 2362 locuples
687 2279 766 2342 crat.
810 2275 983 2342 Debebat?
1023 2274 1132 2344 Immo
1158 2278 1196 2342 in

181 2365 248 2430 suis
273 2366 415 2430 nummis
437 2365 638 2430 versabatur.
679 2364 808 2429 Avarus
832 2365 925 2430 erat?
960 2363 1067 2430 Immo
1091 2365 1195 2431 etiam

181 2456 257 2518 ante
285 2474 383 2536 quam
409 2454 555 2538 locuples
582 2473 710 2536 semper
732 2451 982 2518 liberalissimus
1004 2454 1195 2520 munifican-
1210 2472 1238 2514 ss

128 2553 161 2603 at
180 2541 390 2625 tissimusque
417 2541 488 2606 fuit.
532 2540 597 2606 Pro
621 2541 716 2605 deum
738 2539 970 2626 hominumque
991 2541 1105 2606 fidem!
1137 2543 1196 2626 qui

179 2626 236 2695 HS
266 2645 408 2696 cocrooo
437 2645 582 2697 coemes
610 2645 753 2696 ccorooo
778 2633 932 2714 quaestus
954 2629 1062 2696 facere
1084 2630 1195 2696 uoluit

181 2714 274 2806 (nam
301 2720 388 2783 certe
411 2714 467 2782 HS
495 2733 639 2784 occicus
668 2733 809 2784 ccorooo
837 2733 979 2785 ccclooo
1008 2739 1133 2784 merere
1159 2723 1194 2785 et

180 2805 289 2892 potuit
304 2809 338 2870 et
351 2805 472 2890 debuit,
485 2805 514 2870 si
526 2808 637 2891 potest
648 2805 807 2889 Dionysia
817 2803 873 2870 HS
888 2822 1033 2874 occluso
1046 2823 1194 2874 cccloou

181 2890 330 2981 merere),
352 2894 381 2958 is
399 2916 458 2979 per
476 2914 637 2959 summam
655 2892 803 2958 faudem
822 2897 855 2958 et
877 2894 1040 2959 malitiam
1063 2897 1097 2960 et
1118 2917 1194 2980 per·
1208 2914 1238 2954 so

181 2983 293 3049 fidiam
319 2979 376 3048 HS
407 3000 486 3051 rouo
520 2981 680 3067 appetiit?
724 2980 769 3047 Et
795 2981 855 3046 illa
880 2981 945 3046 fuit
970 2983 1108 3066 pecunia
1133 2984 1194 3050 im·

181 3072 302 3156 manis,
327 3070 409 3137 haec
430 3071 581 3156 parvula,
608 3069 668 3134 illa
689 3069 842 3154 honesta,
863 3069 945 3136 haec
966 3071 1111 3151 sordida,
1132 3071 1195 3138 illa

181 3159 335 3242 iucunda,
361 3158 442 3225 haec
470 3159 599 3242 acerba,
625 3156 686 3222 illa
707 3157 853 3244 propriu,
880 3157 960 3225 haec
981 3158 1017 3224 in
1039 3179 1137 3225 causa
1160 3164 1194 3226 et

179 3247 215 3312 in
240 3246 359 3312 iudicio
386 3246 554 3312 collocata.
599 3244 721 3311 Decem
747 3245 800 3310 his
828 3247 922 3312 annis
951 3247 1111 3332 proximis
1135 3245 1192 3313 Hs

181 3334 351 3421 sexagiens
369 3334 597 3400 honestissime
616 3333 771 3418 consequi
788 3335 911 3419 potuit,
932 3335 1049 3401 noluit.
1087 3335 1192 3403 Labo-
1207 3357 1237 3398 ss

181 3443 251 3485 rem
265 3425 419 3505 quaestus
437 3423 569 3508 recepit,
588 3425 761 3506 quaestum
778 3422 903 3488 laboris
922 3424 1050 3509 reiecit,
1069 3426 1193 3511 populo

181 3506 329 3573 Romano
353 3510 457 3576 adhuc
484 3510 606 3577 servire
632 3532 699 3578 non
722 3510 863 3597 destitit,
892 3512 956 3578 sibi
978 3513 1103 3581 servire
1126 3514 1194 3582 iam
