2564 3876
191 187 233 252 58
358 183 430 241 PRO
449 183 527 239 SEX.
546 182 675 240 ROSCIO
694 182 863 240 AMERINO
882 183 1028 241 ORATIO.

9 369 10 394 i
137 344 171 394 82
256 330 393 413 Vereor,
419 350 460 394 ne
488 333 545 394 aut
570 329 728 394 molestus
756 330 819 394 sim
845 330 953 415 vobis,
979 329 1114 415 iudices,
1143 334 1205 396 aut

189 441 230 484 ne
262 418 403 504 ingeniis
435 417 555 482 vestris
581 417 692 482 videar
719 417 877 502 diffidere,
909 419 938 483 si
965 419 1005 484 de
1031 423 1101 484 tam
1127 441 1206 504 per·
1263 485 1266 496 ,

190 507 309 590 spicuis
328 507 425 570 rebus
443 505 564 571 diutius
588 505 755 570 disseram.
790 505 890 572 Eruci
912 507 1095 572 criminatio
1118 511 1207 591 tota,

190 600 227 660 ut
255 595 410 678 arbitror,
443 593 603 659 dissoluta
630 598 693 677 est,
720 594 785 659 nisi
810 595 896 660 forto
924 595 1134 680 exspectatis,
1165 600 1207 660 ut

189 685 250 748 illa
272 683 408 766 diluam,
434 703 516 767 quac
539 682 578 746 de
600 682 753 767 peculatu
776 704 813 748 ac
836 683 875 747 de
898 683 967 748 eius
991 684 1080 750 modi
1102 685 1233 749 rebusu

190 770 424 840 commenticiis
442 770 590 835 inaudita
606 770 702 835 nobis
722 771 878 836 antehoc
900 775 1029 855 tempus
1053 793 1092 838 ac
1113 795 1207 838 nova

189 858 1207 1016 lllllllrlu”ullhiallilllailcitillllellillli

188 1059 293 1122 neque
312 1037 354 1102 ad
372 970 494 1101 ‹iriinen
511 1035 677 1120 parricidii
694 1057 798 1119 neque
821 1035 862 1101 ad
885 1058 967 1119 eum,
990 1037 1047 1120 qui
1069 998 1206 1102 carisam

190 1126 281 1209 dicit,
311 1125 532 1209 pertinebant,
560 1122 599 1188 de
626 1123 743 1207 quibus
772 1123 925 1207 quoniam
951 1125 1052 1190 verbo
1080 1125 1205 1212 arguit,
1219 1144 1244 1183 ιο

190 1214 290 1280 verbo
319 1213 400 1278 satis
429 1216 478 1278 est
505 1232 633 1297 negare.
674 1209 709 1276 Si
732 1212 895 1296 quidest,
923 1212 1010 1296 quod
1033 1212 1075 1278 ad
1098 1217 1205 1279 testes

189 1303 341 1384 reservet,
364 1300 411 1365 ibi
434 1322 562 1384 quoque
584 1321 654 1384 nos,
676 1303 714 1365 ut
736 1301 771 1364 in
792 1299 865 1385 ipsa
888 1322 994 1384 causa,
1016 1302 1204 1386 paratiores

159 1388 343 1502 Oreperiet,
367 1409 465 1472 quum
487 1388 634 1472 putabat

136 1441 170 1566 ἔρ,
254 1475 358 1541 Venio
385 1497 471 1542 nunc
498 1497 550 1559 co,
577 1497 641 1560 quo
664 1498 805 1542 menon
827 1476 987 1561 cupiditas
1011 1476 1115 1564 ducit,
1145 1479 1204 1544 sed

189 1565 279 1630 fides.
318 1563 405 1629 Nam
423 1564 452 1628 si
475 1564 556 1628 mihi
578 1564 696 1630 liberet
719 1586 883 1648 accusare,
907 1585 1093 1630 accusarem
1116 1567 1204 1632 alios
1219 1584 1243 1624 1⁶

189 1653 312 1738 potius,
340 1674 380 1717 ex
406 1653 523 1737 quibus
551 1674 681 1738 possem
706 1674 863 1738 crescere,
891 1653 977 1736 quod
1001 1657 1126 1719 certum
1151 1659 1205 1720 cst

188 1763 256 1808 non
282 1741 401 1824 facere,
429 1741 505 1806 dum
532 1741 693 1819 utrumvis
718 1741 838 1806 licebit.
882 1740 916 1806 Is
940 1741 1027 1806 onim
1049 1742 1133 1806 mihi
1156 1744 1204 1808 vi-

190 1830 284 1896 detur
304 1829 533 1914 amplissimus,
557 1828 613 1912 qui
634 1850 693 1894 sua
714 1829 836 1895 virtute
859 1829 893 1894 in
916 1829 1068 1894 altiorem
1091 1831 1203 1896 locum

189 1918 349 2004 pervenit,
376 1939 443 1983 non
470 1916 526 2002 qui
553 1917 698 1982 ascendit
720 1939 779 2000 per
801 1917 935 1982 alterius
957 1917 1201 1985 incommodum
1271 1967 1272 1982 ,

190 2011 224 2072 et
240 2005 471 2072 calamitatem.
492 2005 688 2070 Desinamus
702 2005 876 2089 aliquando
891 2027 930 2070 ea
948 2006 1098 2092 scurtari,
1117 2030 1203 2092 quae
1216 2028 1240 2067 ιι
1271 2009 1272 2090 ξ

190 2097 267 2159 sunt
289 2094 412 2177 inania3
440 2114 634 2176 quaeramus
656 2093 704 2157 ibi
726 2093 932 2175 maleficium,
955 2094 1013 2158 ubi
1036 2098 1070 2160 et
1093 2101 1147 2160 est
1170 2100 1211 2162 et·

188 2180 328 2246 inveniri
350 2184 473 2265 potest;
497 2181 563 2244 iam
585 2180 771 2267 intelleges,
793 2181 904 2266 Eruci,
927 2185 1053 2247 certum
1076 2184 1203 2250 crimen
1271 2165 1272 2252 l

190 2290 289 2352 quam
307 2269 420 2332 multis
444 2268 682 2352 suspicionibus
705 2273 916 2356 coarguatur,
938 2271 1074 2335 tametsi
1095 2294 1202 2358 neque
1271 2261 1272 2324 i

189 2356 299 2421 omnia
317 2355 423 2421 dicam
442 2360 475 2420 et
493 2356 608 2421 leviter
626 2379 726 2422 unum
745 2357 884 2442 quidque
902 2361 1048 2444 tangam.
1084 2358 1202 2446 Neque
1271 2369 1272 2400 ³

189 2444 276 2509 enim
301 2443 336 2507 id
362 2443 515 2528 facerem,
542 2445 607 2509 nisi
631 2467 763 2512 necesse
788 2449 886 2530 esset,
913 2450 948 2510 et
969 2446 1003 2510 id
1025 2447 1090 2512 erit
1114 2450 1241 2536 signias

99 2603 101 2607 ,
189 2552 241 2597 me
258 2532 398 2633 invitum
416 2532 531 2617 facere,
555 2534 642 2617 quod
658 2556 725 2600 non
741 2555 918 2636 persequar
935 2535 1078 2621 longius,
1101 2559 1202 2622 quam
1271 2589 1272 2624 ,

133 2710 168 2760 84
190 2620 396 2826 salaniilsuaii
420 2621 1139 2814 liliillaiiesreiiiiiiiillnSex31upsci03
1166 2719 1202 2780 ut

189 2795 826 2969 tutifrltttttittntcfftut
843 2799 1200 2972 filistiim
1213 2911 1239 2949 a
1271 2915 1272 2972 ÷

189 2995 259 3038 esse
277 2974 451 3058 profiteris.
487 2973 538 3038 De
556 2972 715 3058 Capitone
733 2978 810 3057 post
832 2974 1017 3059 viderimus,
1041 2977 1079 3060 ri,
1103 3000 1201 3062 quem
1271 2979 1272 3058 l

189 3061 230 3126 ad
253 3062 385 3126 modum
407 3065 559 3146 paratum
583 3082 654 3126 esse
677 3062 786 3147 audio,
813 3063 909 3128 testis
932 3065 1104 3150 prodierit,
1128 3070 1200 3131 tum
1271 3061 1272 3150 l

189 3149 1136 3326 :lt-2tuztttttuttttt“ttulitttbttt
1157 3177 1200 3309 ¹2⁰

187 3323 284 3408 pulus
303 3322 469 3390 Romanus
488 3326 694 3391 verissimum
712 3331 745 3392 et
764 3291 1042 3411 sapientissimim
1058 3266 1199 3397 indicina
1211 3351 1237 3390 a

187 3411 340 3525 putabat,
357 3412 546 3513 ,identidem
560 3414 609 3515 ,in
635 3415 740 3517 causis
769 3437 923 3499 quaerere
951 3417 1094 3502 solebat,
1121 3417 1199 3485 ‘cui

187 3491 287 3561 bono
317 3497 442 3564 fursset.
471 3499 523 3566 Src
538 3505 606 3566 vrta
620 3502 788 3567 hommum
807 3507 867 3589 est,
884 3507 922 3572 ut
941 3505 983 3570 ad
1001 3505 1200 3576 maleficium
