2558 3884
168 189 233 254 282
468 184 507 240 IN
527 183 556 242 0.
575 185 730 239 VERREM
747 183 827 240 AOT.
846 183 880 239 11.

168 354 205 398 ac
219 331 338 416 spiritu
352 351 410 396 suo
424 329 501 413 vini,
515 330 682 416 unguenti,
697 330 842 414 corporis
857 329 956 395 odore
970 329 1187 412 complesset3

168 420 304 485 dixisset
321 419 410 503 hoec,
434 440 517 503 quse
535 420 634 505 volgo
654 418 759 483 dicere
779 418 917 502 solebat,
939 440 1007 483 non
1029 439 1066 483 sc
1089 418 1188 482 decu·

168 530 239 574 mss
265 508 395 592 eruisse,
423 507 479 572 sed
501 508 588 572 bona
609 506 823 591 fortunasque
847 511 1029 589 aratorum,
1056 528 1126 571 non
1148 527 1186 570 se

169 598 381 663 decumanum
409 617 480 662 esse
503 595 698 680 Apronium,
727 595 783 660 sed
801 595 938 660 Verrem
960 595 1104 660 alterum
1129 594 1186 659 do·

168 687 292 750 minum
311 685 445 750 illorum
467 706 506 749 ac
527 687 712 768 tyrannum.
753 682 842 759 Quae
865 705 939 749 cum
962 683 1108 767 dixisset,
1132 683 1214 747 illis

169 774 286 859 optimi
316 774 380 838 viri
411 773 451 838 de
481 771 615 838 cohorte
646 771 742 836 istius
774 776 1018 857 recuperatores
1046 794 1116 836 non
1144 771 1185 836 de

169 862 366 928 absolvendo
376 861 524 947 Apronio
539 861 765 944 deliberarent,
784 860 840 926 sed
857 864 1059 945 quaererent,
1078 881 1183 944 eoquo

169 951 266 1017 modo
293 950 468 1036 petitorem
495 950 604 1034 ipsum
627 947 774 1033 Apronio
798 948 1012 1015 condemnare
1033 953 1184 1034 possent.

236 1040 330 1104 Hane
361 1043 399 1103 tu
430 1037 596 1103 licentiam
629 1037 883 1123 diripiendorum
911 1041 1080 1103 aratorum
1107 1060 1182 1102 cum

169 1127 364 1209 decumanis,
382 1127 444 1192 hoc
463 1129 513 1191 est
532 1148 604 1191 cum
616 1125 764 1211 Apronio
783 1126 996 1210 permisisses,
1014 1129 1061 1210 ut,
1081 1145 1225 1210 quan-1⁰

168 1221 240 1282 tum
254 1216 363 1298 vellet,
377 1218 534 1297 posceret,
549 1217 708 1298 quantum
721 1215 932 1299 poposcisset,
947 1214 1100 1298 auferret,
1119 1215 1184 1280 hoc

168 1305 231 1369 tibi
263 1303 458 1368 defensionis
490 1303 532 1368 ad
560 1302 713 1368 iudicium
742 1306 835 1367 tuum
862 1304 1092 1388 comparabaS,
1124 1302 1183 1368 ha·

168 1393 278 1456 buisse
293 1395 326 1455 te
344 1391 485 1456 edietum
502 1395 746 1476 recuperatores
764 1391 799 1456 in
817 1391 985 1476 octuplum
1004 1391 1182 1456 daturum?

169 1479 204 1543 Si
236 1479 437 1544 mehercules
465 1500 505 1544 ex
532 1480 622 1544 omni
649 1480 743 1564 copia
770 1484 946 1544 conventus
974 1477 1182 1563 Syracusani,

169 1567 506 1652 splendidissimorum
531 1567 900 1651 honestissimorumque
922 1568 1106 1652 hominum,
1135 1568 1182 1632 fa·
1197 1585 1223 1625 1⁵

169 1678 257 1721 ceres
271 1659 470 1740 potestatem
485 1656 608 1722 aratori
623 1678 690 1721 non
707 1657 804 1721 modo
823 1655 984 1740 reiciendi,
1003 1656 1182 1743 sedetiam

169 1744 316 1809 sumendi
328 1748 581 1828 recuperatores,
594 1748 706 1809 tamen
717 1744 779 1810 hoc
789 1766 909 1809 novum
924 1766 1027 1831 genus
1040 1744 1182 1810 iniuriae

167 1833 253 1898 ferre
268 1827 368 1898 ‘nemo
386 1837 507 1918 posset,
530 1836 573 1915 te,
595 1855 669 1898 oum
692 1836 766 1897 tuos
790 1854 902 1898 omnes
924 1833 1050 1898 fructus
1074 1833 1182 1918 publi·

169 1943 249 1987 cano
276 1921 466 1986 tradidisses
496 1924 528 1985 et
555 1943 625 1986 rem
653 1920 691 1986 de
719 1921 869 1985 manibus
897 1921 1078 2006 amisisses,
1109 1926 1181 1986 tum

115 2023 148 2072 ³3
168 2011 255 2075 bona
272 2013 331 2074 tua
348 2013 494 2094 repetere
513 2030 551 2074 ac
568 2009 719 2094 persequi
738 2010 796 2074 lite
816 2013 913 2094 atque
935 2009 1063 2075 iudicio.
1097 2007 1181 2074 Cum
1196 2029 1222 2068 so

168 2119 245 2163 vcro
278 2097 378 2162 verbo
409 2097 563 2162 iudicium
595 2097 639 2161 sit
666 2097 700 2161 in
728 2098 846 2181 edicto,
877 2119 914 2162 re
943 2098 1076 2181 quidem
1103 2121 1182 2165 vera

167 2189 299 2250 tuorum
327 2185 498 2268 comitum,
525 2185 694 2250 hominum
721 2186 1008 2270 nequissimorum,
1040 2187 1181 2253 collusio

168 2296 241 2338 eum
261 2274 455 2358 decumanis,
479 2273 574 2339 sociis
593 2273 659 2337 tuis
679 2277 777 2358 etque
797 2275 877 2339 adeo
901 2276 1181 2360 procuratoribus,

168 2364 280 2425 tamen
312 2363 409 2426 audes
437 2362 536 2427 ullius
564 2363 763 2427 mentionem
789 2362 899 2428 iudicii
925 2362 1056 2428 facere?
1089 2387 1181 2449 prae·

168 2449 282 2513 sertim
304 2472 377 2515 cum
399 2450 433 2515 id
454 2472 521 2515 non
543 2451 640 2515 modo
664 2450 811 2516 oratione
834 2473 915 2535 mea,
939 2451 996 2517 sed
1019 2452 1123 2517 etiam
1146 2469 1219 2518 reu

167 2537 240 2621 ipsa
267 2537 450 2621 refellatur,
478 2537 564 2623 quod
590 2539 625 2603 in
647 2539 750 2603 tantis
772 2539 985 2605 incommodis
1010 2545 1181 2606 arctorum

166 2625 358 2709 iniuriisque
394 2627 643 2691 decumanorum
679 2627 806 2692 nullum
841 2650 880 2692 ex
910 2628 976 2692 isto
1007 2631 1181 2713 praeclaro

168 2713 272 2780 edicto
301 2736 367 2780 non
394 2715 490 2779 modo
512 2715 650 2799 factum,
678 2716 734 2780 sed
756 2737 797 2780 ne
819 2717 1023 2801 postulatum
1048 2719 1182 2802 quidem

167 2802 321 2867 iudicium
344 2803 516 2867 invenitur.

114 2893 149 2943 34
234 2891 308 2955 Erit
326 2893 438 2955 temen
455 2891 490 2955 in
508 2894 654 2956 aratores
672 2892 777 2957 lenior
796 2913 894 2976 quom
912 2893 1050 2958 videtur.
1093 2893 1182 2962 Nam
1195 2910 1220 2951 ω

167 2979 277 3062 quiin
295 2979 489 3045 decumanos
510 2980 636 3065 octupli
657 2979 810 3046 iudicium
834 3002 868 3046 se
892 2980 1045 3046 daturum
1069 2983 1182 3066 edixit,

166 3066 252 3131 idem
277 3067 393 3132 habuit
415 3067 451 3132 in
473 3068 578 3133 edicto
602 3068 694 3133 sein
717 3072 880 3134 aratorem
901 3069 937 3133 in
960 3072 1182 3156 quadruplum

167 3154 329 3220 daturum.
366 3154 444 3231 Quis
463 3156 549 3222 hunc
567 3156 664 3221 audet
682 3157 788 3222 dicere
811 3157 997 3222 aratoribus
1020 3159 1183 3225 infestum

167 3245 224 3306 aut
237 3242 403 3307 inimicum
421 3243 545 3309 fuisse?
568 3248 690 3328 quanto
709 3245 813 3310 lenior
832 3248 883 3310 est
902 3269 1000 3330 quam
1019 3247 1056 3311 in
1073 3249 1182 3330 publi-

167 3332 295 3392 canum!
346 3331 472 3414 Edixit,
503 3335 553 3416 nt,
586 3333 672 3416 quod
705 3333 899 3398 decumanus
933 3334 1088 3401 edidisset
1118 3337 1181 3402 sibi
1195 3352 1217 3394 ³⁵

167 3413 238 3476 dari
260 3419 424 3500 oportere,
445 3419 479 3482 id
503 3419 544 3483 ab
567 3423 696 3484 aratore
720 3421 936 3507 magistratus
956 3421 1089 3489 Siculus
1115 3426 1182 3490 exi-

167 3501 267 3578 geret.
304 3499 388 3573 Quid
406 3504 522 3588 reliqui
541 3510 591 3570 est
611 3506 729 3591 iudicii,
753 3509 839 3593 quod
862 3510 897 3574 in
920 3513 1085 3576 aratorem
1110 3512 1183 3578 dari

118 1011 159 1139 e
