2558 3884
328 179 397 234 ΗΒ.
416 180 456 234 111
490 178 567 235 GAP.
587 158 693 235 ai-a'e
712 185 727 245 s
747 185 859 236 re-ea.
1031 181 1098 246 303

77 345 195 388 verum
223 321 326 388 etiarn
351 327 486 409 propter
508 323 669 389 maiorum
691 323 968 390 incommodorum
991 330 1024 390 et
1047 347 1096 391 ca

78 411 272 477 lamitatum
314 415 438 477 metum
478 411 610 497 publica
647 412 841 477 auctoritate
880 413 1097 499 defendimus3

78 523 182 565 unum
210 500 274 564 hoc
302 500 428 584 aliquot
456 504 588 565 senatus
613 501 769 565 consultis
792 502 1022 586 reprehensum
1046 503 1097 567 de·

78 593 273 672 cretumque
303 593 365 672 est,
393 592 443 672 ut,
473 588 589 673 quibus
616 589 672 652 ille
700 589 739 652 de
764 589 871 673 capite
895 590 1097 676 dempsisset,

55 677 102 742 sii
121 677 280 762 pecunias
300 677 335 741 in
353 677 514 741 aerarium
532 676 698 742 referrent.
736 675 859 740 Statuit
879 683 1012 743 senatus
1034 679 1097 745 hoc

78 787 120 830 ne
141 764 197 830 illi
221 765 351 849 quidern
375 787 445 830 esse
468 765 608 849 licitum,
632 765 683 830 cui
706 769 909 830 concesserat
932 768 1054 850 omnia,
1078 790 1097 833 a

79 854 207 939 populo
235 853 397 918 factarum
426 853 711 937 quaesitarumque
738 874 846 918 rerum
870 874 1013 918 summas
1036 855 1097 920 im-

80 943 240 1007 minuere.
290 940 389 1006 Illum
425 941 504 1007 viris
540 941 731 1006 fortissimis
767 941 951 1005 iudicarunt
984 945 1095 1027 patres
1115 957 1149 1008 82

82 1028 263 1115 conscripti
276 1030 442 1095 remittere
457 1029 496 1094 de
515 1051 642 1094 summa
659 1052 726 1094 non
742 1029 898 1113 potuisse,
915 1033 949 1093 te
967 1030 1097 1094 mulieri

48 1137 70 1176 1⁰
83 1118 279 1183 deterrimae
297 1121 384 1183 reete
403 1118 567 1183 remisisse
591 1122 756 1182 senatores
779 1117 990 1183 iudicabunt?
1026 1117 1097 1201 Ille,

84 1206 123 1270 de
156 1228 222 1290 quo
250 1207 358 1291 legem
384 1207 524 1291 populus
551 1205 719 1270 Romanus
746 1206 898 1290 iusserat,
930 1210 968 1271 ut
994 1206 1097 1291 ipsius

83 1295 239 1359 voluntas
268 1295 298 1358 ei
324 1298 437 1379 posset
464 1315 534 1358 esse
561 1316 621 1378 pro
645 1295 731 1380 lege,
759 1298 869 1360 tamen
892 1295 927 1359 in
948 1295 1011 1360 hoc
1033 1317 1097 1359 uno

85 1403 205 1468 genere
223 1385 370 1448 veterum
388 1382 546 1468 religione
564 1384 675 1468 legum
696 1383 951 1467 reprehenditur,
972 1386 1019 1467 tu,
1043 1383 1098 1468 qui
1182 1389 1191 1398 ”

86 1471 238 1536 omnibus
263 1471 391 1556 legibus
413 1471 600 1554 implicatus
624 1471 791 1554 tenebere,
814 1471 983 1537 libidinem
1006 1477 1099 1536 tuam

49 1578 72 1617 15
86 1559 151 1623 tibi
181 1580 242 1643 pro
274 1559 346 1644 lege
379 1579 449 1623 esse
480 1559 636 1624 uoluisti?
686 1558 725 1623 In
754 1560 813 1624 illo
843 1559 1099 1645 reprehenditur,

88 1647 175 1731 quod
201 1669 240 1711 ex
268 1669 306 1711 ea
328 1647 464 1731 pecunia
486 1647 663 1730 remiserit,
691 1669 789 1731 quam
811 1647 882 1731 ipse
906 1649 1099 1731 quaesierat,

87 1735 150 1799 tibi
173 1735 373 1818 concedetur,
396 1735 452 1819 qui
475 1735 642 1819 decapite
665 1735 876 1820 vectigalium
899 1735 1013 1819 populi
1035 1735 1099 1799 Ro·

88 1823 178 1887 mani
199 1823 378 1888 remisisti?
1108 1874 1152 1939 36

156 1911 264 1995 Atque
288 1912 323 1975 in
345 1911 407 1976 hoc
430 1933 547 1996 genere
570 1911 723 1976 audaciae
745 1910 851 1974 multo
874 1909 974 1974 etiam
996 1909 1098 1994 impu·
1117 1951 1153 2000 83

50 2018 76 2058 ²0
90 1999 217 2065 dontius
248 1999 284 2063 in
315 1999 457 2064 decumis
481 1999 707 2063 Acestensium
738 2001 888 2063 versatus
921 2001 985 2081 est3
1018 2019 1098 2080 quas

90 2110 163 2153 cum
195 2086 372 2152 addixisset
403 2087 506 2152 eidem
532 2086 583 2151 illi
611 2086 761 2169 Docimo,
793 2085 855 2150 hoc
883 2088 933 2149 est
960 2085 1100 2171 Tertiae,

89 2174 192 2240 tritici
219 2175 363 2241 modium
385 2178 409 2240 V
433 2180 465 2240 et
493 2175 709 2240 accessionem
733 2173 938 2257 ascripsisset
960 2171 1015 2238 Hs
1038 2193 1100 2259 MD,
1143 2193 1146 2196 ’

90 2264 198 2350 coegit
215 2263 409 2329 Acestenses
437 2263 614 2328 aDocimc
641 2262 833 2327 tantundem
861 2261 990 2346 publice
1020 2264 1100 2329 acci·

90 2374 179 2437 pere3
217 2352 251 2416 id
290 2352 376 2436 quod
412 2373 451 2416 ex
480 2350 707 2416 Acestensium
742 2349 873 2435 publico
910 2351 1099 2418 testimonio

53 2459 77 2498 ²⁵
92 2435 1101 2613 lucer?,attendetis{tollitis

91 2616 192 2681 tritici
224 2617 414 2681 modium?
446 2619 479 2680 et
511 2615 734 2680 accessionem.
785 2612 979 2701 Cognoscite
1006 2638 1100 2700 nunc,

93 2704 205 2789 quanti
238 2725 272 2770 se
301 2703 482 2769 vendidisse
512 2703 686 2768 rettulerit.
734 2702 808 2768 Lux
835 2720 987 2769 occonis
1015 2722 1100 2768 vuu-

92 2809 221 2858 nuunis
254 2790 288 2858 O.
315 2791 437 2858 Vnusn
468 2810 520 2857 ra.
574 2790 646 2856 Hoc
681 2791 812 2856 nomine
848 2791 965 2857 videtis
998 2791 1101 2856 tritici

54 2899 79 2939 eo
92 2881 234 2946 modium
253 2897 308 2947 cro
328 2897 382 2947 oro
402 2896 458 2948 010
478 2879 641 2964 decapite
664 2901 734 2944 esse
758 2880 898 2963 dempta,
922 2900 1004 2961 quae
1027 2901 1100 2942 cum

93 2969 130 3034 de
161 2969 275 3053 populi
301 2967 442 3033 Romani
473 2968 573 3052 victu,
605 2969 643 3032 de
670 2967 880 3052 vectigalium
907 2966 1028 3050 nervis,
1062 2966 1101 3030 de

93 3057 248 3143 sanguine
264 3056 458 3140 detraxisset
473 3056 597 3139 aerarii,
616 3055 745 3120 Tertiae
760 3055 877 3118 mimae
896 3053 1101 3119 condonavit.

91 3143 210 3211 Utrum
228 3144 436 3230 inpudentius
456 3145 497 3209 ab
516 3144 611 3210 sociis
631 3143 768 3208 abstulit
787 3163 830 3206 an
850 3141 977 3226 turpius
1001 3162 1101 3207 mere

91 3233 165 3298 trici
198 3233 285 3298 dedit
317 3255 360 3298 an
389 3232 558 3318 inprobius
586 3232 707 3316 populo
734 3230 882 3294 Romano
910 3229 1031 3294 ademit
1059 3252 1102 3296 an

54 3339 79 3380 es
93 3321 244 3386 audacius
276 3322 406 3386 tabulas
438 3321 585 3406 publicas
619 3317 853 3384 commutarit?
902 3316 954 3382 Ex
982 3319 1102 3383 horum

93 3409 266 3476 severitate
293 3413 326 3475 te
349 3411 417 3475 ulla
438 3409 489 3474 vis
512 3409 627 3492 eripiet
650 3411 707 3471 aut
730 3406 799 3471 ulla
821 3403 979 3491 largitio?
1024 3405 1101 3471 Non

92 3497 216 3582 eripiet.
262 3495 325 3563 Sed
352 3498 380 3562 si
408 3496 576 3582 eripuerit,
607 3516 673 3560 non
699 3494 865 3580 intellegis
892 3495 985 3581 haec,
1019 3517 1103 3580 quac

11 3809 212 3823 *u—-jflu„-,
