2622 3884
313 211 381 267 12113.
400 212 440 267 IV
472 212 548 268 CAP.
569 220 610 282 eo,
630 220 664 269 or
683 219 698 280 s
718 219 866 269 148-151.
1029 214 1093 278 427

85 356 185 441 blice,
217 378 314 440 quam
338 355 434 420 Verri
461 359 626 424 dedenmt.
671 357 802 444 Negare
834 380 901 424 non
932 362 1095 444 poterunt.

84 445 299 510 Frumentum
319 445 360 509 ab
379 445 420 509 iis
440 447 656 529 sumpseritne
675 445 710 512 O.
720 447 851 532 Verres,
869 447 955 531 quod
972 448 1096 532 populo

85 533 235 599 Romano
259 535 414 618 mitteret,
437 533 533 599 sicuti
557 535 748 618 superiores.
789 534 975 621 Negabunt.
1013 533 1096 611 Quid

86 620 229 687 militum
244 625 301 686 aut
314 625 488 686 nautarum
502 643 560 707 per
577 622 753 688 triennium
773 623 927 689 dederint.
959 623 1096 689 Nullum

55 711 200 775 odeum
230 710 345 775 dicent.
389 709 502 775 Fuisse
524 709 710 777 Messanam
738 713 882 777 omnium
909 713 1005 777 istius
1031 713 1097 777 fur·

85 803 196 864 torum
214 820 252 864 ac
269 799 462 882 praedarum
480 799 690 884 receptricem
708 821 828 885 negare
846 822 912 866 non
930 805 1098 886 potenmt3

85 887 251 972 permulta
269 887 382 951 multis
400 886 539 954 navibus
560 888 651 954 illinc
672 892 852 974 exportata,
874 889 958 954 hanc
980 911 1097 954 narem

87 976 224 1060 denique
248 975 423 1040 maximam
447 999 467 1040 1
486 975 690 1041 Mamertinis
714 977 825 1041 datam
849 981 1000 1042 onustam
1024 1000 1097 1043 oum

86 1065 152 1129 isto
179 1063 361 1148 profectam
383 1063 582 1129 fatebuntur.
624 1062 728 1140 Quam
752 1066 794 1130 ob
817 1088 887 1130 rem
909 1065 972 1130 tibi
994 1065 1079 1130 habe
1099 1079 1145 1128 151

43 1169 73 1209 ¹⁰
87 1174 167 1218 sane
188 1153 288 1217 istam
311 1153 532 1217 laudationem
552 1151 835 1238 Mamertinorum,
860 1151 1097 1238 Syracusanam

87 1241 218 1326 quidem
249 1240 427 1324 civitatem,
459 1244 497 1306 ut
529 1242 586 1306 abs
617 1245 650 1306 te
678 1241 805 1307 adfecta
833 1246 896 1326 cst,
928 1242 976 1306 ita
1002 1243 1036 1307 in
1063 1246 1097 1306 te

87 1351 158 1395 1111
182 1329 361 1394 animatam
383 1328 543 1413 videmus,
566 1330 652 1414 apud
675 1351 756 1414 quos
780 1330 880 1395 etiam
898 1329 1015 1395 Verria
1037 1331 1097 1395 illa

86 1417 255 1504 flagitiosa
281 1417 412 1482 1111111
439 1422 524 1482 sunt.
568 1417 701 1482 Etenim
729 1419 861 1483 minime
885 1419 1098 1484 conveniebat

88 1507 119 1571 ei
138 1507 271 1571 deorum
289 1506 428 1571 honores
448 1506 570 1590 haberi,
594 1507 650 1590 qui
669 1507 844 1572 simulacra
868 1507 1001 1572 deorum
1025 1508 1139 1573 abs·
1191 1541 1193 1545 ·

46 1611 72 1651 1⁵
87 1595 228 1659 tulisset.
273 1593 385 1659 Etiam
412 1595 542 1659 hercule
569 1594 651 1659 illud
677 1595 713 1659 in
741 1594 952 1679 Syracusanis
980 1596 1097 1660 merito

87 1683 391 1768 reprehenderetur,
426 1683 467 1766 si,
501 1705 574 1748 cum
606 1683 691 1747 diem
723 1683 843 1748 festum
876 1684 1027 1749 ludorum
1059 1684 1098 1749 de

86 1771 184 1836 fastis
204 1771 270 1836 suis
291 1771 500 1835 sustulissent
523 1771 768 1836 celeberrimum
792 1776 825 1836 et
848 1772 1099 1856 sanctissimum,
1133 1824 1134 1829 1

89 1860 176 1944 quod
208 1881 246 1924 eo
272 1859 345 1944 ipso
373 1859 423 1924 die
451 1857 629 1944 Syracusae
651 1879 676 1925 ’1
703 1859 859 1926 Marcello
886 1864 1000 1944 captae
1028 1883 1099 1925 esse

89 1949 252 2032 dicuntur,
284 1948 369 2012 idem
400 1947 484 2012 diem
514 1948 634 2013 festum
656 1947 769 2014 Verris
796 1948 926 2014 nomine
954 1953 1099 2035 agerent,

47 2054 75 2093 ²⁰
90 2059 164 2102 cum
196 2037 258 2101 iste
286 2059 305 2101 1
333 2033 558 2121 Syracusanis,
590 2058 672 2122 quae
703 2038 760 2102 illc
792 2037 1002 2103 calamitosus
1031 2038 1098 2102 dies

89 2125 276 2209 reliquerat,
299 2125 480 2190 ademisset.
512 2125 561 2190 Ac
578 2125 685 2190 ridete
703 2126 845 2191 hominis
864 2126 1098 2211 impudentiam

90 2217 188 2298 atque
221 2213 459 2298 arrogantiam,
494 2213 628 2298 iudices,
661 2215 717 2298 qui
747 2236 814 2280 non
847 2215 954 2279 solum
981 2213 1099 2279 Verria

89 2303 170 2367 haec
184 2301 295 2386 turpia
308 2323 346 2366 11
360 2301 497 2367 ridicula
514 2324 552 2366 ex
566 2301 712 2368 Heraclii
729 2304 866 2388 pecunia
883 2303 1099 2388 constituerit,

91 2412 204 2456 verum
236 2389 334 2453 etiam
362 2389 529 2455 Marcellia
559 2391 636 2456 11111
666 2391 849 2477 imperarit,
880 2395 918 2456 ut
950 2392 980 2456 ei
1007 2413 1099 2457 sacra

48 2494 75 2536 2⁵
90 2479 235 2544 facerent
249 2478 433 2562 quotannis,
451 2478 541 2544 cuius
556 2500 655 2563 opera
669 2480 813 2545 omnium
830 2502 988 2546 annorum
1008 2503 1099 2546 sacra
1157 2531 1162 2541 .

91 2568 233 2651 deosque
259 2566 384 2651 patrios
412 2567 602 2652 amiserant,
631 2568 698 2632 eius
727 2573 835 2634 autem
862 2568 1007 2634 familiae
1031 2569 1098 2634 dies

90 2656 193 2720 festos
214 2654 383 2739 tollerent,
404 2677 463 2742 per
486 2677 584 2740 quam
608 2661 731 2722 ceteros
756 2679 882 2744 quoquc
904 2656 1007 2723 festos
1031 2657 1098 2721 dies

90 2745 329 2832 recuperarent.
373 2811 374 2818 ,
