2558 3884
177 193 244 258 284
476 187 831 246 mormannum.
850 189 884 243 n.

177 337 268 403 ouius
286 336 376 401 modi
393 336 499 400 edicta
522 335 597 400 sint.
633 333 689 399 Nn
708 350 855 417 ronnnr,
877 333 995 419 inquit,
1016 350 1066 398 nx
1088 351 1197 418 nans,

177 442 248 490 nnn
274 442 357 488 nam
379 440 520 490 sacrus.
562 421 649 488 Satis
672 424 753 488 haeo
774 443 896 508 magna
917 421 968 486 ris
992 425 1045 486 est
1068 421 1111 487 ad
1134 422 1196 486 ini-

177 509 1103 684 ltttlsstssllbltlmttpltsigbreht
1126 531 1196 663 333

176 691 286 755 nullos
317 687 438 774 Septici
471 689 594 754 similes
625 709 692 753 non
724 691 863 772 oodroet,
895 687 952 771 qui
982 688 1032 752 ita
1064 686 1223 752 diountzs

178 776 266 843 ‘Non
284 779 402 844 tollam
420 777 540 862 potius,
563 799 662 861 quarn
681 775 848 863 paciscar?
884 775 946 840 His
968 775 1032 840 hoo
1055 775 1195 861 opponi-

177 870 246 932 tur:
265 866 495 952 ‘Deportatum
513 865 636 930 habeas
655 870 731 929 ante
744 862 911 930 Kalendas
929 861 1091 929 Sextiles?
1130 863 1194 928 Da

202 956 318 1021 ortabo
345 955 456 1040 igitur.
502 953 591 1019 ‘Nisi
616 956 732 1037 paetus
755 953 832 1037 eris,
858 974 924 1018 non
947 951 1192 1018 commovebis?

178 979 232 1109 lie
246 1043 439 1128 deportandi
453 1042 521 1107 dies
535 1043 732 1127 praestituta
747 1041 865 1106 tollere
883 1041 1023 1127 oogebat
1040 1063 1080 1105 ex
1099 1061 1194 1124 area,

178 1132 357 1217 prohibitio
384 1131 536 1214 tollendi,
562 1131 627 1194 nisi
653 1133 768 1216 paetus
794 1133 894 1214 esset,
920 1130 987 1195 rim
1011 1128 1194 1194 adhibebat
1208 1152 1234 1191 ro

129 1220 335 1342 15pactioni,
357 1240 423 1284 non
445 1219 658 1320 uoluntatem.
1076 1305 1083 1319 .
1170 1307 1177 1319 1

125 1353 160 1403 „3
244 1308 316 1373 Iam
341 1328 420 1372 vero
447 1308 530 1373 1llud
553 1330 621 1373 non
643 1307 749 1372 solum
772 1309 886 1373 contra
909 1308 1016 1392 legem
1038 1304 1193 1371 Hierom-

178 1417 250 1460 oam
268 1416 327 1460 neo
347 1395 453 1460 solum
472 1399 587 1461 eontra
607 1395 872 1461 consuetudinem
895 1393 1109 1480 superiorum,
1134 1395 1191 1460 sod

179 1483 279 1548 etiam
305 1487 420 1548 eontra
447 1484 557 1549 omnia
583 1484 656 1548 iura
683 1481 878 1568 Siculorum,
906 1504 989 1567 qnae
1015 1482 1144 1548 hahent
1171 1506 1192 1547 a

178 1575 293 1636 senatu
311 1572 498 1656 populoque
515 1571 673 1656 Romano,
694 1593 736 1636 ne
754 1572 827 1656 quis
846 1575 938 1636 extra
961 1593 1056 1636 suum
1080 1571 1190 1636 forum
1205 1593 1231 1634 u

177 1660 399 1726 vadimonium
436 1661 628 1746 promittere
664 1664 810 1746 cogatur.
869 1657 993 1724 Statuit
1028 1660 1106 1743 iste,
1148 1663 1192 1724 ut

178 1753 310 1814 arator
329 1749 550 1832 doaumano,
574 1771 646 1833 quo
670 1750 792 1814 vellet
814 1748 1059 1830 decumanus,
1083 1748 1191 1812 vadi-

178 1838 344 1903 monium
367 1837 633 1921 promitteret,
655 1841 693 1902 nt
712 1837 766 1902 hie
788 1858 915 1921 quoquo
933 1835 1092 1921 Apronio,
1114 1857 1190 1902 oum

178 1947 217 1991 ex
239 1925 399 1990 Leontino
428 1946 529 2009 usquo
557 1926 598 1989 ad
620 1925 811 2010 Lilybaeum
838 1925 981 2009 aliquem
1002 1924 1189 2009 vadaretur,

178 2035 217 2078 ex
235 2014 363 2078 miseris
385 2013 569 2078 aratoribus
592 2013 811 2078 calumniandi
832 2016 988 2098 quaestus
1011 2013 1188 2079 aeoederet.
1202 2035 1230 2075 ao

178 2100 382 2185 Quamquam
408 2101 468 2166 illa
494 2101 558 2166 fuit
583 2101 625 2166 ad
647 2102 842 2167 calumniam
866 2100 1027 2187 singulari
1049 2101 1188 2167 oonsilio

177 2193 308 2273 reperta
338 2189 438 2273 ratio,
472 2187 557 2274 quod
589 2188 746 2274 edixerat,
773 2194 816 2255 ut
844 2195 1022 2255 aratores
1050 2189 1189 2276 iugera

178 2278 371 2341 sationum
400 2298 553 2342 suarum
580 2277 877 2362 profiterentur.
923 2275 1090 2353 Quaeres
1114 2299 1189 2343 oum

178 2364 218 2428 ad
243 2364 411 2448 pactiones
434 2366 655 2450 iniquissimas
678 2387 832 2452 magnam
854 2367 921 2431 rim
944 2365 1074 2449 habuit,
1104 2366 1189 2432 siout

177 2453 356 2536 ostendam,
378 2474 482 2537 neque
500 2455 542 2519 ad
560 2455 663 2518 ullam
680 2455 859 2520 utilitatem
877 2454 1094 2539 reipublicae
1117 2476 1188 2539 per·
1201 2475 1226 2516 ss

176 2539 289 2623 tinuit,
316 2543 388 2605 tum
414 2563 491 2607 vero
519 2542 560 2606 ad
588 2543 780 2625 calumnias,
806 2544 843 2607 in
869 2564 950 2627 quas
973 2564 1088 2607 omnes
1110 2543 1188 2608 inei·

124 2639 158 2689 aa
178 2628 299 2713 derent,
322 2651 403 2713 quos
422 2630 523 2695 vellet
537 2630 709 2715 Apronius.
745 2630 793 2696 Ut
811 2630 898 2696 enim
916 2631 1054 2715 quisquo
1072 2635 1189 2697 eontra

175 2718 380 2782 voluntatem
405 2717 472 2782 eius
494 2718 628 2802 dixerat,
650 2719 699 2783 ita
720 2719 756 2784 in
777 2741 850 2784 eum
872 2719 1026 2784 iudicium
1050 2720 1090 2784 de
1114 2741 1188 2805 pro

175 2804 316 2871 fassione
354 2806 503 2892 iugerum
540 2807 784 2892 postulabatur,
822 2807 912 2873 ouius
948 2807 1060 2873 iudicii
1096 2811 1188 2874 motu

176 2915 315 2980 magnus
330 2917 350 2959 a
363 2894 476 2958 multis
489 2893 646 2959 immenti
659 2917 812 2960 numerus
831 2896 962 2961 ablatus
981 2917 1187 2982 magnaeque
1200 2917 1226 2959 ao

175 2983 330 3067 pecuniae
362 2986 492 3048 ooaotae
525 2987 614 3066 sunt3
645 3004 712 3048 non
744 3005 807 3067 quo
836 2984 986 3070 iugerum
1012 3005 1187 3050 numerum

175 3092 250 3135 vere
282 3071 430 3156 profiteri
457 3075 544 3136 esset
570 3071 702 3136 diffieile
729 3075 786 3136 aut
814 3072 954 3158 amplius
982 3073 1083 3139 etiam
1110 3094 1187 3159 pro-

174 3158 262 3223 fiteri
293 3157 385 3243 (quid
417 3157 504 3223 enim
533 3159 570 3224 in
601 3181 639 3224 eo
671 3160 808 3244 periculi
837 3165 951 3246 posset
977 3160 1096 3248 esset),
1130 3162 1187 3226 sed

175 3267 273 3312 eausa
291 3251 362 3311 erat
379 3247 490 3312 iudicii
507 3247 705 3332 postulandi,
727 3248 813 3332 quod
831 3269 870 3313 ex
888 3249 995 3315 edicto
1016 3249 1186 3335 professus

174 3352 241 3396 non
258 3337 353 3397 esset.
393 3332 552 3399 Iudicium
573 3339 683 3400 autem
706 3336 792 3419 quod
814 3336 913 3402 fuerit
935 3337 1000 3403 isto
1023 3342 1186 3424 praetore,
1199 3357 1223 3399 ss

175 3417 217 3498 si,
245 3439 328 3500 quae
355 3421 472 3484 oohors
500 3426 534 3486 et
560 3423 616 3505 qui
641 3423 815 3488 comitatus
836 3423 950 3509 fuerit,
977 3426 1186 3510 meministis,

175 3501 256 3564 seire
284 3504 417 3570 debetis.
464 3507 548 3581 Quid
574 3510 677 3593 igitur
703 3514 766 3595 est,
799 3511 886 3595 quod
912 3535 951 3578 ex
978 3513 1040 3579 hae
1066 3514 1186 3599 iniqui·
