2558 3884
319 224 856 296 mummufflwm
1027 227 1091 293 m

148 367 220 436 Hoc
239 367 279 434 de
297 369 429 436 homine
447 392 486 437 ac
504 370 543 436 de
561 370 657 436 huius
676 371 771 437 bonis
793 371 894 438 etiam
915 371 951 437 in
968 371 1074 458 Eryco
1095 342 1146 471 141i

84 461 194 524 monte
226 462 472 524 monumentum
498 463 631 525 tuorum
659 459 859 562 [furtorum]
891 461 1093 547 flagitiorum

83 546 350 630 crudelitatisque
386 547 539 633 posuisti,
574 547 609 611 in
644 569 707 632 quo
742 545 857 622 Stheru
888 548 1093 616 Thermitani

82 655 201 701 nomen
220 635 399 719 ascriptum
418 639 476 701 est.
509 634 587 700 Vidi
605 640 796 723 argenteum
810 635 1001 721 Cupidinem
1020 660 1092 704 oum

58 723 244 809 tlampade.
285 722 369 799 Quid
386 724 518 790 tandem
536 724 652 789 habuit
671 725 855 810 argumenti
876 729 933 790 aut
954 726 1091 792 rationis

83 834 143 896 res,
165 833 265 896 quam
286 813 327 876 ob
346 835 416 878 rem
434 812 470 878 in
487 834 525 879 eo
544 813 752 897 potissimum
770 810 984 879 Sthenianum
1001 837 1092 901 praa

84 901 185 966 mium
207 901 406 985 poneretur?
433 904 543 966 utrum
565 901 628 968 hoo
651 901 782 988 signum
805 902 991 986 cupiditatis
1015 907 1091 968 tuae

83 1011 124 1054 au
151 993 325 1074 tropaeum
352 989 600 1056 necessitudinis
628 993 725 1074 atque
748 990 884 1074 hospitii
906 1013 949 1054 an
971 991 1091 1056 amoris

82 1076 237 1142 indicium
268 1098 339 1143 esse
364 1077 522 1144 voluisti?
570 1077 707 1144 Faciunt
733 1078 796 1144 hoc
821 1078 983 1161 homines,
1010 1100 1091 1164 quos

48 1165 116 1231 ¹⁰in
152 1186 282 1231 summa
317 1166 463 1250 nequitia
497 1188 564 1232 non
596 1167 702 1232 solum
733 1166 834 1231 libido
867 1170 900 1232 et
931 1169 1093 1252 voluptas,

83 1275 196 1319 verum
216 1254 317 1318 etiam
334 1255 437 1338 ipsius
455 1254 619 1338 nequitiae
636 1255 726 1320 fama
746 1254 896 1339 delectat,
918 1259 956 1321 ut
978 1256 1091 1322 multis

82 1343 114 1408 iu
133 1342 217 1408 locis
236 1345 332 1407 notas
352 1365 390 1409 ao
411 1341 553 1429 vestigia
575 1364 707 1409 suorum
730 1343 930 1429 flagitiorum
951 1345 1092 1429 relinqui

82 1430 195 1496 velint.
232 1430 379 1496 Ardebat
398 1453 508 1496 amore
526 1431 615 1497 illius
637 1431 796 1516 hospitae,
818 1437 953 1516 propter
975 1455 1073 1517 quam
1093 1443 1144 1496 116

82 1519 222 1603 hospitii
238 1519 312 1584 iura
328 1519 482 1604 violarat,
500 1520 563 1585 hoe
579 1541 647 1585 non
665 1520 771 1585 solum
789 1519 865 1586 seiri
882 1525 961 1606 tum,
979 1545 1092 1588 verum

48 1608 184 1674 uetiam
216 1608 463 1674 commemorari
494 1630 620 1691 semper
651 1608 797 1692 volebat3
827 1608 938 1692 iaque
965 1631 1005 1674 ex
1031 1611 1092 1676 illa

83 1697 156 1781 ipsa
182 1717 233 1780 re,
261 1717 358 1780 quam
387 1699 558 1763 accusante
585 1695 754 1783 Agathino
783 1700 943 1783 gesserat,
970 1697 1092 1764 Veneri

83 1783 293 1869 potissimum
307 1783 417 1849 deberi
432 1785 612 1869 praemium
631 1784 757 1868 statuit,
776 1806 858 1867 quaa
874 1785 968 1849 illam
986 1789 1091 1851 totam

84 1872 324 1940 accusationem
346 1873 562 1958 iudiciumque
585 1873 750 1939 conflaret.
785 1871 940 1938 Putarem
962 1877 996 1938 te
1019 1895 1091 1959 gra·

83 1966 156 2028 tum
187 1961 224 2027 in
255 1961 346 2045 deos,
376 1961 405 2026 si
436 1961 499 2028 hoc
525 1962 646 2027 donum
668 1960 790 2026 Veneri
815 1982 883 2026 non
909 1960 948 2026 de
976 1960 1091 2028 Stheni

46 2049 179 2116 abonis
216 2048 371 2134 dedisses,
408 2049 465 2115 sed
500 2049 539 2116 de
570 2050 650 2134 tuis3
686 2049 773 2134 quod
802 2048 909 2116 facere
941 2049 1091 2134 debuisti,

82 2138 279 2224 praesertim
307 2160 381 2203 oum
408 2137 470 2203 tibi
495 2137 555 2204 illo
581 2139 653 2223 ipso
682 2159 767 2204 anno
794 2159 815 2202 a
838 2135 1015 2204 Chelidone
1037 2159 1091 2204 ve·

82 2227 187 2292 nisset
209 2226 381 2292 hereditas.

150 2314 215 2380 Hie
232 2335 304 2400 ego,
327 2315 355 2378 si
372 2315 457 2380 hanc
480 2336 612 2381 causam
633 2336 701 2379 non
722 2313 867 2380 omnium
889 2312 1072 2381 Siculorum
1091 2323 1142 2377 ¹1⁷

84 2406 204 2490 rogatu
221 2403 423 2488 recepissem,
446 2402 475 2468 si
492 2403 555 2468 hoo
573 2425 593 2468 a
611 2424 663 2468 me
686 2402 827 2468 muneris
851 2424 918 2469 non
939 2405 1091 2470 univorsa

46 2507 70 2546 2⁵
83 2491 253 2577 provincia
278 2492 495 2576 poposcisset,
523 2491 552 2555 si
576 2512 629 2556 me
657 2491 783 2557 animus
813 2494 910 2576 atque
938 2514 1029 2558 amor
1056 2494 1091 2558 in

84 2578 619 2666 rempublicamexistimatioque
638 2579 761 2645 offensa
779 2580 885 2645 nostri
908 2581 1029 2646 ordinis
1053 2603 1091 2648 ac

82 2668 276 2734 iudiciorum
301 2689 369 2734 non
390 2668 453 2734 hoc
474 2667 580 2733 facere
603 2666 776 2753 coegisset,
804 2672 901 2752 atque
923 2669 1005 2735 haec
1026 2691 1092 2734 una

84 2778 182 2822 causa
212 2755 342 2839 fuisset,
375 2756 462 2840 quod
493 2756 632 2821 amioum
664 2759 761 2840 atque
790 2756 955 2842 hospitem
982 2778 1090 2822 meum

83 2843 269 2927 Sthenium,
301 2866 397 2930 quem
429 2865 491 2930 ego
517 2845 552 2910 in
580 2847 754 2928 quaestura
781 2866 854 2910 mea
881 2843 1090 2930 singulariter

46 2933 284 3017 todilexissem,
321 2932 359 2996 de
392 2954 456 3016 quo
488 2932 610 3017 optime
642 2933 892 3014 existimassem,
929 2954 1025 3015 quem
1055 2931 1091 2996 in

83 3021 253 3108 provincia
289 3019 539 3086 existimationis
576 3043 666 3086 meae
699 3019 972 3086 studiosissimum
1004 3018 1090 3104 cupi·

84 3110 318 3194 dissimumque
341 3130 542 3196 cognossem,
564 3114 633 3175 tam
656 3109 837 3196 crudeliter,
860 3108 1015 3173 scelerate
1037 3129 1090 3172 ne·

83 3197 228 3283 feriaque
242 3202 419 3263 tractasses
434 3235 476 3246 —
490 3202 602 3264 tamen
620 3197 719 3283 digna
737 3218 835 3263 eausa
852 3194 1091 3267 videretur‚cur

83 3285 272 3352 inimicitias
300 3285 442 3352 hominis
469 3286 704 3373 improbissimi
730 3284 941 3369 susciperem,
969 3287 1008 3348 ut
1034 3283 1091 3350 ho·

45 3389 70 3431 ⁸⁵
84 3375 178 3460 spitis
198 3375 338 3441 salutem
355 3374 568 3460 fortunasque
587 3373 798 3439 defenderem.
834 3369 992 3438 Fecerunt
1009 3373 1072 3438 hoe
1092 3381 1144 3434 118

82 3463 180 3528 multi
203 3462 290 3548 apud
313 3463 453 3530 maiores
476 3466 620 3547 nostros,
645 3462 724 3527 feeit
746 3461 845 3527 etiam
867 3483 970 3546 nuper
991 3461 1089 3526 homo
1161 3512 1166 3520 .

82 3551 294 3636 clarissimus,
313 3551 370 3618 On.
384 3551 558 3636 Domitius,
577 3551 633 3636 qui
650 3549 693 3615 M.
708 3547 864 3634 Silanum,
887 3550 1090 3616 consularem

134 3663 191 3708 010.
205 3665 238 3706 ιι
262 3668 280 3706 1.
846 3659 877 3708 16
