2622 3884
206 158 271 226 386
511 153 550 210 ns
570 153 599 210 o.
613 152 767 209 mansu
784 151 862 207 lor.
882 152 914 206 u.

205 305 405 389 potestatem
423 321 487 365 uno
506 298 643 384 imperio
662 297 773 364 ostiat'
832 301 940 363 totum
963 297 1119 382 oppidum
1141 320 1219 363 con·

205 390 368 476 pilaverit
398 387 448 455 Ac
461 392 580 473 tamen,
597 390 635 451 ut
649 390 760 470 posset
774 386 878 452 dicere
893 407 927 450 se
945 386 1072 470 emisse,
1090 385 1218 452 Archa

207 478 309 565 gatho
340 477 494 562 imperat,
529 479 567 541 ut
597 475 665 540 illis
698 474 836 559 aliquid,
869 496 1008 558 quorum
1040 479 1218 562 argentum

205 567 321 651 fuerat,
337 565 580 642 nummulorum
599 564 677 629 dicis
696 585 793 629 causa
812 562 912 627 daret.
948 561 1077 628 Invenit
1091 562 1218 629 Archa·

206 654 327 742 gathus
354 668 488 739 paucos,
518 652 573 738 qui
600 652 723 718 vellent
749 651 906 736 accipere3
935 650 976 715 iis
1004 651 1101 716 dedit.
1147 651 1242 717 mosa

205 763 355 808 nummos
378 745 489 808 tamen
510 741 574 806 iste
592 739 804 827 Archagatho
826 761 893 805 non
914 739 1062 805 reddidit.
1098 739 1218 806 Voluit

205 831 329 897 Romae
343 834 488 916 repetere
503 828 747 915 Archagathum
765 826 823 892 On.
832 827 989 910 Lentulus
1004 827 1216 894 Marcellinus

206 919 369 1003 dissuasit,
388 919 472 985 sicut
489 917 597 1003 ipsum
616 917 719 982 dicere
738 916 883 982 audistis.
919 915 1042 982 Recita.
1072 915 1217 982 Accul-

206 1025 314 1075 oarm
335 1025 381 1072 nr
404 1007 561 1072 Laurum
583 1021 834 1071 rnsrmoruuu.

152 1110 187 1161 54
271 1096 316 1161 Et
333 1117 375 1162 ne
393 1095 478 1160 forte
495 1093 659 1159 hominem
678 1093 869 1158 existimetis
889 1093 974 1158 hanc
995 1096 1124 1158 tantam
1146 1093 1216 1158 vim
1231 1111 1253 1150 ιο

206 1185 437 1250 emblematum
469 1181 538 1247 sine
568 1203 665 1248 causa
694 1203 883 1247 coacervare
912 1181 1067 1265 voluisse,
1098 1181 1217 1266 videte,

206 1273 321 1358 quanti
351 1293 424 1356 vos,
461 1270 575 1355 quanti
610 1269 884 1335 existimationem
919 1269 1033 1356 populi
1063 1269 1216 1355 Romani,

206 1360 320 1445 quanti
337 1360 427 1444 leges
447 1361 479 1422 et
497 1357 624 1441 iudicia,
642 1358 757 1443 quanti
774 1357 870 1424 testis
887 1355 1012 1423 Siculos
1030 1358 1216 1445 negotiato-

204 1468 320 1532 resque
332 1446 455 1513 fecerit.
482 1445 702 1531 Posteaquam
715 1449 843 1512 tantam
857 1445 1098 1512 multitudinem
1114 1447 1215 1512 colle-

205 1538 299 1622 gerat
317 1534 557 1618 emblematum,
580 1538 618 1599 ut
635 1556 676 1599 ne
695 1556 795 1600 unum
814 1534 943 1618 quidem
966 1535 1117 1619 cuiquam
1140 1535 1252 1600 reli-1⁵

206 1623 338 1708 quisset,
355 1623 500 1687 instituit
515 1622 677 1688 officinam
692 1619 861 1706 Syracusis
874 1623 909 1688 in
921 1623 1013 1709 regia
1027 1623 1214 1688 maximam.

204 1710 319 1776 Palam
346 1711 487 1776 artifices
515 1732 627 1776 omnes
654 1711 833 1776 caelatores
857 1733 895 1778 ac
917 1711 1116 1777 vascularios
1140 1734 1214 1777 con·

205 1799 313 1866 vocari
345 1799 448 1882 iubet,
480 1801 512 1864 et
543 1799 613 1883 ipse
641 1820 717 1864 suos
744 1799 919 1884 compluris
947 1799 1099 1865 habebat.
1144 1799 1213 1865 Eos

205 1887 381 1973 concludit,
413 1909 566 1974 magnam
592 1886 762 1953 hominum
789 1887 1038 1953 multitudinem.
1082 1887 1213 1954 Menses

205 1980 278 2043 octo
306 1975 475 2042 continuos
499 1975 550 2040 his
574 1997 655 2060 opus
677 1997 743 2041 non
766 1975 880 2059 defuit,
908 1997 981 2042 cum
1003 1997 1062 2041 vas
1084 1977 1212 2044 nullum
1226 1996 1249 2034 u

204 2065 296 2130 fieret
318 2064 382 2129 nisi
405 2085 547 2131 aureum.
583 2063 668 2130 Tum
689 2064 761 2148 illa,
784 2085 823 2129 ex
845 2065 978 2148 patellis
1001 2068 1035 2129 et
1057 2064 1213 2130 turibulis

205 2175 287 2238 quae
315 2153 484 2236 evellerat,
510 2152 559 2216 ita
586 2152 665 2218 scita
691 2151 727 2218 in
754 2153 859 2217 aureis
886 2151 1012 2236 poculis
1039 2152 1213 2239 inligabat,

203 2241 252 2306 ita
270 2244 345 2324 apte
367 2240 403 2305 in
425 2239 566 2324 scaphiis
590 2241 694 2306 aureis
717 2240 912 2324 includebat,
934 2244 972 2306 ut
994 2263 1033 2306 ea
1055 2241 1097 2306 ad
1119 2241 1213 2308 illam

204 2351 272 2408 rem
299 2332 379 2393 nata
406 2349 477 2395 esse
505 2327 640 2412 diceres,
666 2330 737 2413 ipse
763 2332 874 2393 tamen
899 2331 1046 2414 praetor,
1074 2329 1129 2414 qui
1152 2351 1213 2396 sua

203 2416 376 2500 vigilantia
393 2437 507 2502 pacem
524 2417 560 2481 in
578 2415 688 2482 Sicilia
709 2415 787 2483 dicit
808 2417 918 2501 fuisse,
940 2416 975 2483 in
996 2416 1059 2483 hac
1081 2417 1212 2484 officina
1225 2436 1247 2478 a

204 2503 360 2656 maiorlqlm
378 2507 506 2590 partem
525 2505 588 2570 diei
606 2527 679 2571 cum
701 2504 812 2570 tunica
833 2505 926 2590 pulla
949 2505 1059 2571 sedere
1082 2506 1213 2573 solebat

204 2596 237 2657 et
283 2615 301 2656 a
331 2592 369 2657 'o.
1292 2637 1293 2650 ³

151 2641 194 2770 ἓξ)
258 2616 359 2746 pHaec
374 2703 444 2766 ego,
461 2681 591 2766 iudices,
608 2703 675 2747 non
690 2681 840 2747 auderem
853 2681 1008 2767 profarre,
1026 2683 1061 2746 ni
1073 2703 1211 2769 vererer,

203 2790 244 2834 ne
261 2769 347 2834 sorte
365 2770 461 2856 plura
479 2769 518 2834 de
535 2769 600 2834 isto
619 2769 660 2834 ab
680 2769 753 2835 aliis
771 2769 807 2834 in
825 2791 972 2835 sermone
996 2793 1093 2855 quam
1115 2793 1135 2836 a
1158 2793 1210 2837 me

203 2855 238 2922 in
264 2857 383 2923 iudicio
409 2879 469 2922 vos
496 2857 624 2922 audisse
650 2857 806 2923 diceretis.
852 2857 930 2933 Quis
954 2859 1040 2923 enim
1062 2861 1127 2942 est,
1155 2860 1246 2944 quiec
1292 2855 1293 2932 l

204 2944 243 3010 de
274 2946 337 3012 hac
368 2945 512 3030 officina,
543 2946 599 3030 qui
631 2945 669 3011 de
700 2946 787 3012 vasis
815 2946 933 3031 aureis,
966 2947 1021 3033 qui
1049 2946 1087 3012 da
1113 2947 1209 3013 istius
1292 2933 1293 3016 l

228 3033 306 3100 allio
337 3034 455 3117 [pullo]
480 3054 547 3099 non
570 3033 730 3099 audierit?
771 3034 873 3111 Quem
896 3035 986 3100 voles
1009 3057 1026 3100 c
1048 3039 1209 3102 conventu
1292 3035 1293 3114 l

204 3056 406 3206 dyracusano
424 3122 530 3188 virum
553 3122 675 3188 bonum
697 3123 879 3208 nominat03
902 3123 1091 3208 producam
1113 3146 1208 3191 nemo
1292 3119 1293 3142 ³

150 3221 185 3271 aa
204 3209 279 3294 erit,
307 3210 386 3295 quin
411 3210 474 3276 hoc
501 3233 535 3276 se
554 3211 690 3276 audisse
718 3214 774 3276 aut
801 3211 919 3276 vidisse
945 3211 1039 3278 dicat.
1080 3211 1209 3279 Otem·
1292 3241 1293 3290 3

203 3319 297 3383 pora,
325 3320 345 3365 o
373 3299 495 3364 moresl
530 3299 613 3365 nihil
634 3299 772 3364 nimium
794 3303 886 3365 vetus
909 3300 1081 3386 proferam.
1128 3299 1242 3366 sunau
1292 3298 1293 3356 l

203 3389 348 3451 vestrum
380 3386 524 3470 aliquam
557 3387 665 3470 multi,
698 3387 754 3472 qui
784 3387 819 3453 L.
844 3385 996 3453 Pisonem
1028 3389 1206 3475 cognorint,

203 3472 300 3536 huius
322 3471 358 3538 L.
376 3473 518 3559 Pisonis,
546 3476 602 3559 qui
628 3479 761 3560 praetor
784 3475 860 3561 fuit,
882 3480 1019 3560 patrem.
1058 3475 1113 3556 Ei,
1137 3498 1206 3543 cum
1292 3549 1293 3566 ,
