2604 3880
372 179 439 234 ΜΒ.
460 179 472 232 1
513 179 590 234 CAP.
610 186 714 234 39-41
735 187 750 247 a
771 187 917 237 101-106.
1087 185 1150 250 179

140 327 177 390 ut
200 327 332 408 praetor
352 322 467 389 factus·
483 327 543 407 est,
565 324 621 408 qui
644 325 812 410 auspicato
837 348 856 391 a
879 323 1056 393 Chelidone
1080 349 1150 393 sur-

140 412 291 495 rexisset,
315 415 436 476 sortem
457 418 572 478 nactus
595 416 646 478 est
668 414 811 479 urbanae
834 415 1020 500 provinciae
1043 417 1150 502 magis

141 522 179 566 ex
203 523 262 565 sua
283 497 534 584 Chelidonisque
558 523 656 584 quam
680 524 718 566 ex
740 503 854 588 populi
876 503 1017 569 Romani
1038 505 1150 570 volun·

140 593 218 654 tate.
250 587 313 664 Qui
327 588 485 673 principio
501 590 606 673 qualis
622 590 655 655 in
674 590 778 657 edicto
797 591 1023 657 constituendo
1041 592 1150 678 fuerit,

114 693 177 742 sco
227 677 336 742 ascite.
456 737 458 742 .

181 700 242 831 gl).
261 765 388 830 Annius
412 765 544 830 Asellus
568 770 716 831 mortuus
740 770 790 831 est
809 765 843 833 O.
863 765 1036 834 Sacerdote
1058 777 1199 853 prae-41

139 857 220 920 tore.
256 853 290 918 Is
305 876 377 920 cum
391 853 527 919 haberet
540 854 669 920 unicam
682 855 785 920 filiam
799 877 903 941 neque
922 877 1035 922 census
1055 862 1150 942 esset,

140 942 227 1026 quod
253 946 372 1008 natura
399 942 606 1026 hortabatur,
634 943 686 1007 lex
712 943 804 1009 nulla
826 944 1036 1029 prohibebat,
1063 945 1150 1029 fecit,

140 1035 177 1096 ut
205 1030 307 1096 filiam
332 1030 426 1095 bonis
450 1031 517 1096 suis
541 1031 691 1097 heredem
714 1031 910 1097 institueret.
951 1032 1055 1098 Heres
1079 1040 1150 1099 erat

100 1137 127 1177 ro
140 1119 219 1184 filia.
268 1117 445 1184 Faciebant
472 1121 582 1185 omnia
608 1143 681 1184 cum
708 1120 848 1205 pupilla,
880 1121 964 1208 legis
993 1122 1149 1206 aequitas,

140 1207 292 1273 voluntas
325 1208 442 1292 patris,
475 1207 580 1274 edicta
610 1213 811 1293 praetorum,
844 1211 1041 1276 consuetudo
1068 1211 1148 1276 iuris

141 1301 218 1379 eius,
244 1295 331 1380 quod
354 1301 424 1361 erat
447 1298 526 1379 tum,
550 1318 622 1362 curn
637 1297 768 1362 Asellus
792 1301 842 1362 est
865 1302 1022 1364 mortuus.
1063 1298 1130 1364 Iste
1151 1311 1202 1362 105

139 1387 272 1470 praetor
304 1384 492 1468 designatus
524 1382 648 1470 (utrum
680 1385 864 1451 admonitus
897 1409 939 1452 an
968 1390 1149 1473 temptatus

140 1495 195 1555 an,
223 1493 287 1556 qua
315 1476 366 1537 est
391 1473 461 1558 ipse
489 1473 668 1558 sagacitate
695 1475 731 1539 in
757 1474 809 1538 his
836 1475 947 1559 rebus,
975 1475 1044 1540 sine
1070 1476 1148 1542 duce

100 1577 125 1618 1⁵
140 1562 222 1644 ullo,
255 1561 324 1625 aine
355 1561 459 1625 indice
490 1561 674 1644 pervenerit
706 1562 747 1626 ad
778 1561 862 1628 hanc
893 1563 1149 1649 improbitatem,

139 1648 262 1732 nescio,
293 1670 352 1714 voa
384 1652 513 1714 tantum
542 1649 685 1714 hominis
713 1649 881 1715 audaciam
909 1649 1148 1736 amentiamque

140 1735 342 1824 cognoscite)
366 1738 512 1822 appellat
535 1737 686 1802 heredem
703 1737 739 1802 L.
753 1737 906 1821 Annium,
929 1739 986 1823 qui
1009 1742 1079 1804 erat
1103 1740 1148 1804 in-

139 1827 276 1891 stitutus
298 1825 473 1890 secundum
495 1825 597 1890 filiam
621 1825 701 1908 (non
724 1825 809 1890 enim
832 1826 914 1890 mihi
935 1827 1149 1910 persuadetur

138 1915 240 1979 istum
259 1914 300 1979 ab
319 1914 378 1978 illo
395 1915 487 2000 prius
509 1911 739 1998 appellatum),
762 1913 839 1978 dicit
858 1935 892 1979 se
910 1936 1007 1998 posse
1026 1916 1056 1979 ei
1076 1937 1148 1980 con·

1 2009 2 2014 ’
99 2021 126 2062 ao
140 2002 260 2068 donare
274 2002 379 2068 edicto
396 2002 620 2084 hereditatem,
639 2002 731 2066 docet
749 2001 923 2086 hominem,
942 2002 1019 2086 quid
1036 2008 1149 2088 posset

139 2091 219 2156 fieri.
263 2089 319 2154 Illi
346 2090 432 2156 bona
458 2111 524 2174 rea,
547 2090 622 2155 huie
649 2089 821 2154 vendibilis
848 2090 1026 2155 videbatur.
1070 2089 1148 2177 Iste,

139 2179 273 2244 tametsi
286 2178 446 2264 singulari
456 2182 507 2243 est
521 2179 662 2260 audacia,
676 2182 786 2242 tamen
796 2178 837 2242 ad
851 2179 995 2263 pupillae
1010 2182 1148 2244 matrem

140 2267 381 2348 summittebat3
418 2267 563 2332 malebat
598 2266 768 2352 pecuniam
805 2267 963 2352 accipere,
998 2288 1039 2332 ne
1071 2269 1149 2352 quid

139 2355 216 2421 novi
244 2354 395 2438 ediceret,
424 2377 521 2438 quam
547 2358 584 2418 ut
611 2354 673 2420 hoc
700 2355 840 2419 edictum
868 2358 938 2419 tam
962 2355 1148 2441 improbum

98 2462 124 2503 ar
139 2448 173 2508 et
200 2447 269 2507 tam
291 2444 504 2509 inhumanum
527 2443 756 2526 interponeret.
801 2443 938 2509 Tutores
962 2445 1130 2527 pecuniam
1151 2465 1201 2514 106

138 2532 283 2617 praetori
307 2533 335 2596 si
357 2532 502 2616 pupillae
525 2531 656 2595 nomine
679 2530 855 2614 dedissent,
880 2532 1035 2617 grandem
1058 2555 1149 2618 prae·

140 2620 263 2703 sertim,
282 2641 377 2703 quem
397 2620 437 2684 ad
456 2619 587 2684 modum
605 2619 820 2684 iurationem
837 2619 1033 2704 inducerent,
1053 2643 1149 2704 quem

140 2709 181 2772 ad
205 2707 337 2772 modum
360 2709 429 2772 sine
452 2708 596 2792 periculo
620 2729 678 2772 suo
703 2707 779 2772 dare
801 2711 949 2792 possent,
974 2730 1041 2773 non
1064 2708 1149 2772 vide-

139 2797 234 2880 bant3
258 2796 355 2860 simul
375 2801 408 2860 et
424 2795 525 2860 istum
545 2795 616 2860 fore
639 2799 708 2861 tarn
730 2796 904 2880 inprobum
927 2818 993 2860 non
1011 2795 1149 2860 arbitra·

98 2904 125 2944 so
139 2885 273 2968 bantur,
301 2905 397 2969 saepe
421 2884 578 2969 appellati
601 2887 869 2969 pernegaverunt.
908 2883 976 2947 Iste
1000 2883 1041 2947 ad
1064 2883 1148 2947 arbi·

139 2974 239 3037 trium
272 2974 354 3056 eius,
386 2973 437 3037 cui
470 2972 674 3037 condonabat
705 2971 920 3038 hereditatem
952 2973 1097 3054 ereptam
1129 2992 1149 3034 a

138 3061 265 3144 liberis,
294 3083 391 3145 quam
420 3081 559 3144 aequum
587 3060 726 3124 edictum
750 3058 991 3142 conscripserit,
1018 3078 1149 3142 quaeso,

138 3149 333 3235 cognoscite.
380 3146 456 3214 (lun
483 3165 709 3213 rurnnnnonu
735 3163 855 3211 noenu
878 3144 1069 3212 Vocorunu
1098 3181 1148 3211 -—.

139 3236 218 3313 Quis
236 3259 391 3322 umquam
415 3236 559 3302 crederet
582 3236 753 3300 mulierum
776 3233 997 3299 adversarium
1012 3233 1148 3298 Verrem

97 3315 124 3386 s's
138 3325 307 3390 futurum?
341 3347 383 3390 an
414 3325 487 3390 ideo
520 3324 642 3406 aliquid
670 3326 784 3388 contra
811 3321 962 3388 mulieres
990 3321 1081 3405 fecit,
1107 3343 1148 3386 ne

138 3418 247 3479 totum
275 3413 415 3479 edictum
444 3412 484 3478 ad
508 3409 694 3476 Chelidonis
723 3411 896 3476 arbitrium
923 3410 1081 3496 seriptum
1104 3410 1149 3474 vi-

139 3502 291 3567 deretur?
323 3500 503 3586 Cupiditati
521 3500 689 3565 hominum
708 3499 755 3564 ait
775 3521 808 3564 se
828 3498 958 3564 obviam
977 3499 1033 3565 ire.
1071 3497 1148 3575 Quis

884 3601 937 3656 12*
