2622 3884
188 175 255 241 334
489 171 529 226 ΙΝ
548 171 576 228 c.
591 171 747 227 vanam
764 170 841 227 scr.
860 173 894 227 11.

187 319 399 403 iampridem
423 318 465 383 ad
487 318 608 383 crimen
632 315 775 402 aliquam
798 316 1017 383 defensionem
1039 317 1201 383 libertum

188 406 364 492 quaerere?
397 406 549 471 Libertus
568 409 601 469 et
620 427 772 471 accensus
791 408 867 470 tuus
886 409 920 470 et
936 405 1000 470 tibi
1023 428 1062 472 ac
1083 406 1200 472 liberis

186 497 253 559 tuis
286 494 437 560 omnibus
468 495 504 559 in
533 495 631 560 rebus
663 493 853 560 coniunctus
885 515 923 559 ac
949 516 1128 579 proxumus
1158 496 1200 560 ad

187 583 370 668 Apronium
392 583 519 668 scribit,
542 583 641 669 volgo
664 603 735 648 esse
758 583 800 647 ab
824 583 974 648 omnibus
996 583 1044 648 ita
1067 583 1199 649 demon-

188 676 328 736 stratum
359 671 508 755 Metello,
539 671 602 736 tibi
624 670 806 755 Apronium
839 670 962 736 socium
991 671 1026 735 in
1053 671 1226 737 decumist

186 760 296 824 tusae.
350 758 421 824 Fac
459 776 558 826 scmr
594 775 858 824 mrucsrrnrnn
890 777 1094 845 merosum
1130 778 1198 826 rrsr

188 865 389 932 sunaauur,
412 865 444 914 sr
465 867 504 912 nr
526 864 677 913 vonnuu.
718 847 812 925 Quod
833 847 932 932 istuc,
954 869 1012 932 per
1035 849 1113 914 deos
1136 848 1199 914 im-

187 936 350 1020 mortalis,
382 940 439 1001 aut
468 959 531 1021 qua
559 937 597 1001 de
625 956 723 1001 causa
751 936 928 1001 excitatum
955 958 1025 1001 esse
1052 936 1198 1002 dicamus

186 1025 221 1090 in
240 1028 385 1090 aratores
404 1028 474 1089 tam
491 1023 646 1090 infestum
665 1023 775 1090 odium
795 1029 892 1108 atque
914 1025 1065 1090 tantum?
1089 1023 1198 1100 Quan-

186 1117 256 1179 tam
287 1113 440 1177 iniuriam
466 1112 614 1177 fecerunt
636 1112 733 1178 Verri
760 1116 920 1196 aratores,
947 1117 985 1177 ut
1011 1134 1068 1178 eos
1096 1113 1199 1178 etiam
1212 1131 1238 1171 1⁰

186 1201 324 1266 libertus
352 1204 385 1265 et
413 1222 565 1266 accensus
589 1201 657 1265 eius
680 1204 749 1265 tam
772 1200 857 1265 irato
882 1200 991 1266 animo
1014 1223 1051 1266 ac
1074 1200 1198 1266 litteris

185 1289 398 1373 insequatur?

134 1377 176 1443 68
253 1375 366 1460 Neque
385 1399 446 1464 ego
467 1377 563 1441 huius
585 1376 718 1463 fugitivi
740 1375 844 1461 vobis,
865 1376 996 1461 iudices,
1019 1377 1198 1461 epistulam

186 1465 387 1550 recitassem,
418 1465 483 1531 nisi
511 1465 561 1529 uti
588 1486 627 1530 ex
655 1486 694 1529 ea
719 1465 821 1530 totius
848 1464 993 1530 familiae
1020 1469 1198 1552 praecepta

187 1557 220 1619 et
242 1554 394 1618 instituta
417 1557 450 1618 et
473 1553 678 1638 disciplinam
700 1553 947 1638 cognosceretis.
988 1553 1131 1638 Videtis,
1159 1558 1196 1620 ut
1210 1573 1235 1613 u

186 1645 318 1708 moneat
336 1641 531 1726 Apronium,
560 1641 677 1724 quibus
699 1642 796 1706 rebus
820 1663 858 1707 ac
878 1640 1066 1706 muneribus
1090 1663 1126 1706 se
1150 1643 1197 1707 in-

187 1730 293 1795 sinuet
312 1730 348 1795 in
370 1730 628 1795 familiaritatem
650 1727 785 1813 Metelli,
807 1729 974 1795 Volteium
997 1735 1197 1816 corrumpat,

187 1819 310 1884 scribas
329 1841 543 1903 accensosque
561 1817 666 1902 pretio
690 1818 837 1902 deliniat3
860 1839 899 1883 ea
920 1817 1088 1902 praecipit,
1112 1841 1196 1902 quae

186 1907 281 1992 vidit,
304 1929 343 1972 ea
365 1910 476 1972 monet
499 1906 640 1972 alienum
663 1905 841 1989 hominem,
865 1927 947 1990 quae
970 1906 1058 1972 domi
1081 1906 1196 1973 didicit

186 1996 270 2080 ipse;
292 2017 404 2061 verum
422 1996 457 2059 in
473 1994 537 2060 hcc
559 1997 647 2058 errat
669 2016 744 2080 uno,
767 1993 853 2079 quod
875 1994 1041 2059 existimat
1064 1995 1196 2060 casdem
1209 2014 1234 2054 se

134 2097 185 2147 158
204 2084 274 2149 vias
297 2084 338 2149 ad
362 2084 506 2148 omnium
527 2082 770 2148 familiaritates
793 2103 863 2148 esse
886 2083 1037 2148 munitas.
1074 2081 1196 2158 Quam-

187 2193 283 2255 quam
311 2171 427 2236 merito
456 2192 528 2236 sum
554 2172 658 2236 iratus
681 2171 829 2255 Metello,
855 2174 968 2236 tamen
989 2172 1082 2254 haec,
1111 2194 1196 2257 quae

186 2281 263 2324 vera
299 2262 389 2343 sunt,
426 2259 539 2324 dicam.
588 2259 753 2344 Apronius
786 2259 894 2343 ipsum
925 2259 1095 2324 Metellum
1126 2283 1196 2326 non

185 2347 305 2432 preti0,
336 2350 374 2412 ut
395 2346 545 2431 Verrem,
576 2367 644 2412 non
669 2347 831 2432 convivio,
857 2368 924 2412 non
951 2347 1100 2431 muliere,
1127 2370 1196 2414 non

186 2455 334 2499 sermone
365 2435 493 2520 impuro
525 2439 623 2520 atque
653 2435 804 2521 improbo
835 2438 948 2520 posset
976 2456 1194 2522 corrumpere,
1208 2454 1232 2496 aa

186 2523 303 2607 quibus
334 2523 431 2587 rebus
462 2545 529 2589 non
561 2523 681 2589 sensim
712 2527 808 2608 atque
835 2524 1001 2589 moderate
1028 2524 1069 2588 ad
1096 2525 1193 2590 istius

186 2611 362 2676 amicitiam
394 2613 595 2697 adrepserat,
626 2611 684 2677 aed
709 2611 801 2677 brevi
828 2614 974 2698 tempore
1001 2615 1109 2677 totum
1137 2614 1194 2679 hc

185 2700 305 2765 minem
324 2703 492 2784 totamque
510 2701 578 2764 eins
597 2703 784 2785 praeturam
802 2700 1003 2784 possederat3
1024 2701 1194 2767 cohortem

186 2791 295 2853 autem
317 2787 456 2873 Metelli,
484 2811 581 2872 quam
608 2792 716 2871 vocat,
745 2788 821 2872 quid
848 2791 919 2853 erat
941 2788 1026 2872 quod
1049 2811 1193 2855 corrum-

185 2880 291 2961 peret,
314 2899 352 2941 ex
373 2899 437 2962 qua
458 2879 701 2959 recuperatores
723 2877 759 2941 in
781 2879 944 2941 aratorem
965 2875 1049 2941 nulli
1071 2877 1193 2943 daban·
1206 2896 1231 2937 ee

135 2975 184 3024 159
203 2965 279 3029 tur?
319 2963 405 3030 Nam
434 2965 519 3050 quod
542 2965 656 3029 scribit
678 2964 804 3029 Metelli
825 2965 930 3028 filium
952 2986 1088 3049 puerum
1112 2987 1192 3049 esse,

185 3052 392 3117 vehementer
406 3057 507 3136 errat,
525 3052 691 3117 nonenim
708 3052 750 3118 ad
768 3073 879 3118 omnes
897 3056 1086 3137 praetorum
1104 3053 1192 3120 filios

184 3140 270 3204 idem
294 3140 400 3205 aditus
424 3145 507 3206 sunt.
544 3139 571 3206 0
591 3139 803 3224 Timarchide,
825 3139 951 3205 Metelli
973 3145 1024 3206 cst
1046 3141 1135 3206 filius
1158 3143 1193 3207 in

184 3227 351 3310 provincia
372 3250 439 3293 non
460 3251 554 3312 puer,
581 3229 637 3294 sed
660 3229 847 3294 adulescens
870 3229 974 3294 bonus
998 3251 1035 3294 ac
1057 3229 1192 3315 pudens,

185 3314 302 3398 dignus
333 3315 392 3380 illo
424 3317 496 3382 loeo
529 3338 566 3381 ac
596 3317 740 3400 nornine3
772 3319 881 3382 vester
906 3317 968 3382 iste
995 3339 1075 3402 puer
1099 3339 1191 3403 prae·
1204 3336 1229 3376 ³⁵
1287 3393 1288 3400 ἵ

185 3402 328 3464 tentatus
355 3403 389 3466 in
414 3404 580 3487 provincia
604 3426 700 3488 quem
723 3405 764 3469 ad
787 3405 917 3470 modum
940 3405 1070 3488 fuisset,
1098 3408 1189 3487 [non]
1287 3402 1288 3415 ¹

186 3485 332 3570 dicerem,
355 3489 381 3554 si
402 3491 494 3574 pueri
512 3512 582 3556 esse
600 3493 693 3556 illam
712 3493 841 3576 culpam
863 3515 900 3557 ac
922 3514 988 3558 non
1010 3494 1116 3577 patris
1140 3515 1190 3559 ex·
1286 3545 1287 3554 ἦ
