2622 3884
385 207 452 262 ΗΒ.
466 209 492 263 V
525 207 602 263 cnP.
622 215 725 264 cr-so
744 215 759 275 s
780 215 927 264 ras-154.
1089 211 1156 276 485

153 352 265 417 misit?
293 373 356 437 quo
383 352 452 416 iure
475 350 603 416 fecisti?
632 352 703 436 quis
725 352 811 417 idem
833 352 933 418 fecit?
962 353 1017 438 qui
1041 355 1100 420 tibi
1121 355 1156 419 id

152 441 257 505 facere
289 439 403 505 licuit?
451 437 573 504 Forum
599 441 731 524 plenum
760 445 792 504 et
818 441 971 508 basilicas
999 443 1136 508 istorum
1157 459 1206 508 152

152 528 320 594 hominum
342 528 502 611 videmus,
528 530 560 591 et
583 527 690 592 animo
715 550 816 612 aequo
840 529 994 595 videmus.
1041 530 1155 597 Civilis

153 617 238 682 enim
266 615 474 681 dissensionis
502 618 535 680 et
563 637 620 680 seu
646 617 806 680 amentiae
831 638 888 682 seu
910 619 971 683 fati
994 641 1050 684 seu
1073 621 1156 685 cala·

127 704 278 770 imitatis
300 726 367 769 non
390 707 440 768 est
461 704 524 768 iste
547 705 705 768 molestus
728 705 846 788 exitus,
868 705 903 769 in
926 728 989 790 quo
1012 709 1155 792 reliquos

154 794 270 858 saltem
298 792 377 857 civis
403 791 575 856 incolumis
602 791 679 856 licet
701 813 899 857 conservare.
939 792 1071 880 Verres,
1098 797 1155 860 ille

152 885 245 946 vetus
264 880 411 965 proditor
429 881 580 963 consulis,
602 881 782 945 translator
801 885 1001 964 quaesturae,
1024 905 1156 949 aversor

152 968 306 1054 pecuniae
329 968 493 1053 publicae,
519 971 649 1032 tantum
672 968 735 1032 sibi
758 969 963 1034 auctoritatis
986 970 1021 1034 in
1043 993 1077 1035 re
1101 995 1156 1056 pu·

153 1058 240 1122 blica
258 1056 409 1140 suscepit,
431 1061 477 1140 ut,
500 1056 617 1140 quibus
634 1056 820 1121 hominibus
838 1077 896 1141 per
919 1061 1076 1142 senatum,
1098 1081 1157 1143 per

110 1145 618 1318 appquggpffiuffl
636 1145 1158 1319 ffiztltttttulitt:

152 1321 192 1385 iis
213 1322 361 1386 omnibus
381 1325 520 1386 mortem
538 1321 688 1386 acerbam
707 1321 931 1405 crudelemque
952 1329 1157 1407 proponeret,

153 1409 181 1474 si
208 1409 339 1474 fortuna
366 1430 421 1474 eos
450 1409 491 1473 ad
514 1409 657 1493 aliquam
678 1413 806 1494 partem
828 1406 956 1475 Siciliae
980 1409 1158 1476 detulisset.

152 1496 206 1561 Ad
220 1495 277 1562 On.
291 1497 492 1580 Pompeium,
511 1497 725 1562 clarissimum
739 1497 845 1561 virum
864 1503 898 1562 et
914 1498 1138 1583 fortissimum,
1159 1513 1209 1562 153

114 1605 139 1644 15
153 1585 308 1668 permulti
336 1585 441 1649 occiso
469 1583 633 1669 Perperna
660 1607 698 1648 ex
725 1585 784 1648 illo
810 1581 995 1650 Sertoriano
1022 1608 1157 1652 numero

153 1673 296 1736 militum
332 1672 555 1757 confugerunt.
605 1671 706 1746 Quem
739 1693 805 1735 non
835 1672 894 1736 ille
926 1694 1052 1737 summo
1085 1697 1157 1739 cum

154 1760 261 1837 studio
276 1760 403 1824 salvom
416 1759 674 1842 incolumemque
689 1758 852 1823 servavit?
876 1761 927 1824 cui
941 1761 1003 1824 civi
1019 1763 1158 1846 supplici

152 1869 220 1912 non
236 1847 296 1911 illa
315 1846 447 1911 dextera
464 1847 585 1911 invicta
603 1847 699 1910 fidem
718 1847 863 1930 porrexit
881 1851 915 1911 ct
933 1869 1022 1932 spem
1042 1851 1158 1915 salutis

154 1934 317 2000 ostendit?
358 1934 451 1999 Itane
479 1935 577 1998 vero?
605 1934 721 2018 quibus
744 1933 943 2019 luitpertus
967 1936 1052 2020 apud
1075 1959 1158 2021 eum,

114 2044 250 2108 ecquem
270 2025 383 2089 contra
402 2043 493 2086 arma
510 2022 663 2105 tulerant,
686 2022 726 2086 iis
746 2022 831 2106 apud
853 2026 895 2106 te,
918 2024 1007 2088 cuius
1030 2025 1157 2090 nullum

152 2113 245 2176 inre
268 2111 399 2196 publica
422 2112 623 2175 momentum
645 2132 799 2195 umquam
820 2109 897 2194 fuit,
922 2133 1010 2175 mors
1034 2117 1066 2176 et
1089 2135 1157 2178 cru·

153 2200 257 2265 ciatus
281 2203 352 2264 erat
375 2198 592 2263 constitutus?
633 2198 729 2282 Vide,
756 2219 855 2281 quam
877 2200 1079 2264 commodam
1103 2200 1209 2273 de-59

152 2287 331 2352 sensionem
355 2285 563 2371 excogitaris!
602 2285 691 2350 Malo
714 2285 894 2352 mehercule
916 2287 958 2371 id,
982 2287 1075 2372 quod'
1089 2292 1126 2353 tu
1143 2293 1209 2366 (59)

153 2375 311 2457 defendis,
338 2374 390 2438 his
417 2374 575 2438 iudicibus
602 2373 787 2458 populoque
813 2374 961 2440 Romano
990 2397 1088 2460 quam
1113 2376 1156 2460 id,

113 2481 140 2521 rs
155 2462 240 2546 quod
268 2483 328 2548 ego
356 2462 523 2545 insimulo,
553 2461 699 2544 probari,
730 2463 831 2546 malo,
863 2463 1009 2547 inquam,
1041 2468 1074 2528 te
1100 2465 1158 2529 isti

154 2550 265 2636 generi
295 2550 463 2615 hominum
495 2571 593 2632 quam
624 2550 858 2615 mercatoribus
887 2555 921 2615 et
948 2552 1156 2617 naviculariis

152 2638 319 2702 inimicum
342 2642 438 2721 atque
460 2637 614 2702 infestum
636 2638 754 2723 putari.
793 2639 903 2703 Meum
926 2640 1012 2703 enim
1035 2641 1157 2704 crimen

154 2726 309 2791 avaritiae
323 2730 356 2790 te
369 2725 489 2790 nimiae
503 2727 661 2812 coarguit,
678 2730 736 2791 tua
752 2724 895 2791 defensio
913 2726 1033 2790 furoris
1052 2727 1157 2791 cuius-

154 2813 228 2878 dam
247 2817 280 2878 et
298 2814 511 2879 immanitatis
531 2818 565 2878 et
585 2815 749 2879 inauditae
773 2813 975 2880 crudelitatis
999 2816 1031 2877 et
1054 2836 1156 2898 paene

113 2921 138 2960 so
151 2922 255 2966 novae
282 2901 537 2987 proscriptionis.
582 2899 645 2966 Sed
670 2923 737 2966 non
764 2901 841 2967 lieet
873 2923 925 2964 me
951 2901 1015 2964 isto
1044 2905 1136 2966 tanto
1158 2914 1209 2963 154

152 2990 252 3074 bono,
283 2989 417 3074 iudices,
446 2991 509 3072 uti,
535 2989 713 3054 nonlicet.
758 2988 887 3052 Adsunt
915 2989 1001 3053 enim
1027 2989 1157 3054 Puteoli

152 3078 229 3161 toti3
256 3076 512 3160 frequentissimi
533 3081 691 3140 venerunt
714 3076 838 3141 adhoc
861 3075 1013 3141 iudicium
1036 3099 1156 3142 merca·

152 3169 253 3251 tores,
280 3164 427 3229 homines
454 3164 633 3248 locupletes
660 3167 758 3248 atque
784 3164 927 3246 honesti,
955 3164 1010 3248 qui
1034 3166 1156 3249 partim

153 3255 257 3320 socios
281 3274 371 3337 suos,
397 3252 518 3337 partim
540 3251 690 3335 libertos,
717 3252 838 3337 partim
861 3252 1058 3318 conlibertos
1083 3275 1156 3336 spo-

112 3343 250 3407 satiatos
277 3341 313 3407 in
338 3340 446 3405 vincla
472 3339 648 3424 coniectos,
674 3341 796 3425 partim
820 3340 855 3404 in
876 3339 992 3405 vinclis
1014 3345 1156 3425 necatos,

151 3430 272 3513 partim
300 3428 405 3494 securi
431 3449 599 3514 percussos
628 3449 697 3493 esse
722 3428 840 3492 dicunt.
879 3427 942 3494 Hic
964 3428 1036 3492 vide
1059 3451 1156 3513 quam

152 3538 204 3581 me
231 3517 276 3581 sis
305 3539 422 3582 usurus
450 3537 561 3601 aequo.
608 3514 690 3581 Cum
717 3537 777 3602 ego
801 3515 836 3580 P.
856 3515 1012 3581 Granium
1037 3520 1155 3582 testem
