2604 3880
398 239 467 296 ΜΒ.
486 241 499 296 1
518 238 611 296 ‘CAR
630 245 655 310 a,
675 246 691 296 e
710 245 725 308 s
744 246 857 296 ar-ro.
1063 241 1126 306 149

119 386 229 452 subito
244 385 285 451 od
302 384 456 451 iudicium
474 383 672 469 retraxisset,
690 405 757 449 non
774 384 858 449 nulli
876 381 1033 470 suspicati
1051 386 1128 450 sunt

118 496 185 540 non
203 474 273 540 sine
292 495 390 540 cause
409 473 500 538 illius
523 472 695 538 eonsilium
717 476 788 539 tam
811 476 944 558 repente
967 493 1037 538 esse
1059 495 1128 538 mu·

118 565 234 630 tatum.

185 649 281 715 Nune
297 671 339 714 ne
359 670 443 715 novo
467 648 687 735 querimoniae
710 645 827 734 genere
849 648 900 714 uti
920 648 1027 733 possit
1043 645 1127 713 Hor·
1145 619 1180 746 ξι

92 738 244 803 elensius
263 741 296 803 et
315 759 353 803 ee
371 737 488 802 dioere:
512 737 653 823 opprimi
670 758 771 822 reum,
794 736 833 802 de
852 758 915 822 quo
934 736 1016 801 nihil
1040 735 1128 802 dieat

119 829 302 910 aecusat013
329 824 413 890 nihil
441 846 511 890 esse
538 829 607 891 tam
632 824 849 909 periculosum
871 823 1012 890 fortunis
1034 823 1128 889 inno-

118 915 270 998 centium,
293 935 390 998 quam
413 916 521 979 tacere
544 913 759 997 adversarios3
782 916 816 978 et
837 933 878 978 ne
901 912 1006 998 aliter,
1029 933 1127 996 quam

120 1023 181 1092 ego
202 1002 315 1081 velim,
338 1023 446 1066 meum
468 1000 580 1066 laudet
602 1001 782 1088 ingenium,
805 1023 878 1066 oum
900 1000 988 1066 dicat
1010 1021 1075 1084 me,
1098 999 1128 1064 si

119 1089 402 1174 multa'dixissem,
420 1089 665 1155 sublevaturum
683 1089 783 1168 fuisse
798 1111 881 1172 eum,
900 1109 995 1174 quem
1013 1091 1128 1153 eontra
1225 1129 1229 1135 .

80 1196 106 1237 ιο
120 1179 272 1266 dicerem,
309 1178 386 1262 quia
416 1199 482 1242 non
514 1177 664 1262 dixerim,
698 1177 889 1264 perdidisset
921 1198 1045 1243 morem
1076 1175 1128 1239 illi

121 1287 246 1352 geram,
272 1269 348 1332 uter
371 1265 518 1331 oratione
540 1269 709 1351 perpetue,
733 1286 800 1331 non
823 1287 887 1351 quo
909 1264 976 1331 iam
997 1264 1060 1330 hoo
1083 1263 1128 1328 sit

119 1375 259 1439 neeesse,
281 1376 394 1420 verum
412 1357 449 1418 ut
468 1353 623 1437 experiar,
645 1357 756 1419 utrum
774 1355 831 1418 ille
849 1354 936 1419 ferat
957 1352 1127 1419 molestius

120 1445 268 1508 metune
286 1442 426 1508 tacuisse
445 1463 487 1507 an
503 1463 588 1507 nuno
606 1441 719 1507 dicere.
755 1441 819 1507 Hie
840 1445 878 1508 tu
899 1441 1040 1506 fortasse
1063 1440 1126 1505 eris
1146 1452 1181 1502 25

121 1531 269 1616 diligens,
291 1551 332 1596 ne
351 1551 448 1614 quam
469 1551 531 1616 ego
553 1530 668 1594 horam
692 1530 731 1594 de
753 1529 834 1594 meis
857 1529 1015 1615 legitimis
1036 1529 1127 1594 horis

1 1621 2 1634 ¹
40 1663 42 1670 -
81 1635 107 1677 1⁵
121 1619 301 1702 remittam3
332 1617 397 1683 nisi
428 1617 517 1683 omni
543 1621 703 1702 tempore,
735 1617 821 1702 quod
847 1617 929 1681 mihi
956 1618 1029 1704 lege
1056 1637 1128 1682 oon-

1 1716 2 1720 ’
121 1729 247 1772 cessum
266 1709 325 1790 est,
344 1707 463 1772 abusus
482 1727 546 1790 ero,
565 1727 707 1790 querere,
731 1705 825 1769 deum
844 1707 942 1788 atque
959 1704 1128 1769 hominum

119 1795 218 1859 fidem
240 1794 433 1879 implorabis
457 1793 680 1859 enoumveniri
703 1791 737 1859 Ο.
755 1791 905 1875 Verrem,
930 1792 1017 1874 quod
1039 1812 1129 1856 aceu-

120 1887 212 1948 sator
237 1883 323 1947 nolit
349 1886 418 1948 tem
443 1882 511 1967 diu,
539 1903 638 1966 quam
661 1880 716 1946 diu
738 1880 848 1964 liceat,
877 1879 990 1944 dioere.
1035 1877 1128 1954 Quod

120 1970 202 2035 mihi
225 1971 277 2035 lex
300 1992 373 2035 mea
395 1991 493 2036 eausa
515 1969 617 2055 dedit,
645 1991 682 2034 eo
706 1968 787 2033 mihi
808 1989 875 2033 non
897 1966 946 2031 uti
967 1988 1034 2031 non
1056 1965 1129 2030 liee-

79 2075 107 2116 2⁰
119 2057 192 2125 bit?
224 2079 302 2124 nem
332 2058 503 2124 accusandi
528 2057 610 2123 mihi
637 2059 765 2141 tempus
792 2077 865 2121 mea
892 2075 989 2122 eausa
1016 2054 1129 2119 datum

121 2149 185 2231 est,
212 2151 251 2211 ut
276 2168 406 2232 possem
434 2146 582 2212 oratione
609 2167 682 2211 mea
703 2143 839 2210 erimina
862 2161 1056 2226 causamque
1078 2163 1129 2206 ex·

120 2235 251 2320 plicare.
288 2234 360 2300 Hoo
378 2234 406 2300 si
423 2256 490 2300 non
507 2238 591 2318 utor,
613 2255 680 2298 non
697 2234 759 2298 t1b1
781 2231 933 2296 1n1uriem
955 2229 1050 2314 faei0,
1073 2229 1129 2295 sed

122 2323 161 2388 de
188 2343 260 2388 meo
287 2322 357 2386 iure
386 2322 508 2407 aliquid
536 2326 569 2387 et
596 2321 765 2387 eommodo
789 2319 934 2386 detraho.
976 2318 1129 2384 ‘Causam

123 2409 230 2494 enim',
249 2410 366 2496 inquit,
390 2409 554 2497 ‘eognosei
572 2409 722 2495 oportet?
757 2407 808 2474 Ea
826 2429 862 2473 re
881 2407 1019 2492 quidem,
1043 2406 1130 2491 quod

82 2499 220 2563 realiter
236 2498 445 2564 condemnari
466 2519 554 2582 reus,
578 2497 725 2583 quumvis
749 2496 794 2561 sit
814 2517 946 2580 nooens,
968 2517 1035 2561 non
1056 2498 1131 2580 pot«

122 2590 183 2651 est.
214 2585 253 2650 Id
269 2585 373 2671 igitur
390 2591 427 2652 tu
448 2586 585 2651 moleste
608 2585 725 2668 tulisti,
748 2606 837 2649 eme
861 2583 984 2668 aliquid
1005 2582 1129 2649 foetum

124 2695 207 2758 esse,
233 2674 426 2758 quominus
450 2675 513 2738 iste
537 2672 744 2740 condemnari
766 2673 900 2756 posset?
932 2694 1009 2736 nam
1032 2693 1130 2738 eausa

123 2761 256 2848 cognita
273 2767 412 2848 possunt
434 2762 531 2827 multi
554 2760 689 2845 absolvi,
711 2760 878 2846 incognita
901 2759 1030 2844 quidem
1054 2780 1129 2824 oon-

123 2850 270 2915 demnari
286 2872 382 2915 nemo
400 2853 518 2936 potest.
555 2848 778 2914 Adimoenim
801 2847 1128 2933 comperendinatum.
1147 2858 1181 2908 ae

83 2936 215 3014 eoQuod
244 2938 346 3003 habet
373 2939 425 3004 lex
452 2939 488 3002 in
514 2959 549 3003 se
576 2936 856 3020 molestissimum,
888 2935 939 2999 bis
967 2936 1004 2999 ut
1031 2955 1130 2998 eausa

123 3025 262 3110 dicatum
290 3026 376 3110 quod
405 3030 462 3092 aut
488 3048 562 3091 mee
589 3046 686 3092 eausa
711 3024 821 3110 potius
841 3026 891 3088 est
914 3021 1128 3087 constitutum

122 3135 220 3198 quam
246 3118 305 3179 tuo
327 3118 385 3180 aut
406 3114 510 3180 nihilo
532 3117 591 3179 tue
612 3113 723 3200 potius
747 3134 845 3198 quam
867 3132 948 3176 mea.
990 3107 1077 3174 Nam
1100 3108 1130 3174 si

121 3201 172 3266 bis
201 3201 306 3268 dicere
335 3207 386 3269 est
413 3202 631 3287 commodum,
657 3204 744 3267 oerte
768 3201 936 3283 utriusque
959 3218 1129 3264 commune

122 3293 184 3374 est3
214 3290 243 3355 si
270 3313 358 3376 eum,
386 3292 442 3376 qui
469 3291 631 3377 posterius
659 3289 754 3373 dixit,
781 3308 862 3372 opus
891 3289 941 3352 est
967 3284 1129 3372 redargui,

81 3394 108 3438 aa
122 3379 320 3444 accusatoris
348 3401 456 3462 eausa,
489 3383 527 3445 ut
554 3378 604 3443 bis
633 3379 798 3464 ageretur,
829 3374 1043 3453 constitutum
1070 3376 1129 3440 est.

120 3465 258 3552 Verum,
287 3472 325 3533 ut
352 3468 480 3553 opinor,
508 3465 645 3532 Glaucia
670 3464 794 3551 primus
821 3463 912 3547 tulit,
938 3465 976 3528 ut
1003 3484 1129 3548 eompa-

119 3554 349 3622 rendineretur
377 3575 466 3640 reus3
499 3559 595 3622 antea
623 3554 676 3621 vel
702 3552 838 3619 iudicari
864 3551 970 3639 primo
997 3554 1131 3638 poterat
