2622 3884
337 221 404 280 ΜΒ,
423 223 462 278 1v
493 223 572 279 cAP.
592 231 696 280 cr-cc
716 231 731 292 c
751 232 899 282 rra-rra
1058 227 1125 292 425

113 368 202 433 facta
236 370 336 451 esset,
368 367 425 431 sed
457 368 556 432 etiam
587 369 804 456 perscriptum
837 374 934 455 atque
966 371 1002 436 in
1032 371 1124 437 tabu-

114 456 165 520 las
197 456 350 540 relatum,
381 459 515 540 praetor
540 457 735 542 appellatur.
782 457 827 523 At
856 459 927 545 quis
955 460 1124 545 appellat?

115 543 330 630 magistratus
349 544 473 628 aliqui?
505 544 618 610 Nemo
661 544 822 612 Senator?
858 546 909 613 Ne
928 548 962 613 id
986 549 1123 633 quidem.

114 630 393 717 Syracusanorum
408 632 530 717 aliqui?
553 633 695 699 Minime.
730 633 808 711 Quis
823 635 925 722 igitur
939 641 1122 721 praetorem

85 721 283 806 reppellat?
335 719 397 797 Qui
429 725 582 807 quaestor
613 722 708 788 istius
735 722 856 808 fuerat,
888 724 923 790 P.
946 722 1122 792 Caesetius.

114 808 142 875 Ο
166 832 236 875 rem
258 809 441 874 ridiculam!
476 833 495 874 0
518 811 682 875 desertum
704 812 884 896 hominem,
907 813 1122 897 desperatum,

113 898 279 964 relictum!
316 896 346 961 A
366 897 564 984 magistratu
582 897 700 984 Sicula,
722 921 763 965 ne
782 904 914 966 senatus
938 907 1122 968 consultum

114 984 216 1052 Siculi
233 986 381 1051 homines
399 986 505 1052 facere
523 991 667 1072 possent,
689 1010 731 1054 ne
749 1011 844 1054 sunm
862 989 912 1054 ius
937 990 1003 1054 suis
1027 991 1123 1054 mori·

113 1076 186 1160 bus,
209 1074 277 1140 suis
297 1074 426 1160 legibus
450 1075 597 1140 obtinere
619 1081 762 1160 possent,
784 1099 851 1142 non
873 1078 996 1144 amicus
1018 1078 1124 1164 istius,

73 1181 100 1222 ιο
113 1185 181 1228 non
199 1164 328 1247 hospes,
349 1185 416 1228 non
435 1163 571 1248 denique
592 1165 711 1248 aliquis
729 1162 867 1249 Siculus,
891 1167 947 1232 sed
970 1171 1124 1250 quaestor

113 1252 229 1336 populi
256 1251 396 1316 Romani
425 1255 610 1336 praetorem
637 1253 795 1338 appellat!
842 1251 921 1330 Quis
948 1253 1011 1319 hoc
1033 1256 1124 1339 vidit,

114 1340 188 1425 quis
208 1339 354 1405 audivit?
390 1339 527 1406 Praetor
546 1363 667 1425 aequus
687 1346 720 1406 et
739 1343 868 1427 sapiens
890 1342 1011 1407 dimitti
1033 1343 1125 1409 iubet

114 1431 273 1494 senatum.
301 1425 473 1494 Concurrit
487 1429 528 1494 ad
542 1452 594 1494 mo
608 1431 750 1495 maxima
764 1431 949 1497 multitude.
978 1431 1124 1497 Primum

115 1520 281 1582 senatores
318 1517 459 1581 clamare
496 1517 559 1581 sibi
595 1518 677 1602 eripi
712 1519 776 1603 ius,
814 1520 895 1605 eripi
926 1520 1125 1602 libertatem,

74 1621 99 1663 rs
114 1606 254 1691 populus
273 1608 423 1670 senatum
442 1604 584 1688 laudare,
605 1606 730 1691 gratias
749 1628 855 1692 agere,
878 1607 964 1673 cives
983 1608 1124 1674 Romani

115 1717 136 1759 a
151 1715 202 1758 me
215 1714 376 1778 nusquam
390 1692 561 1758 discedere.
594 1692 665 1768 Quo
680 1695 809 1778 quidem
824 1696 875 1760 die
892 1697 976 1760 nihil
996 1698 1124 1782 aegrius

113 1782 240 1848 factum
271 1785 322 1846 est
353 1782 457 1846 multo
491 1781 602 1846 labore
630 1804 716 1867 meo,
748 1805 847 1867 quam
873 1788 911 1849 ut
938 1807 1053 1849 manus
1082 1786 1124 1849 ab

115 1870 176 1935 illo
198 1870 401 1955 appellatore
425 1870 676 1934 abstinerentur.

184 1957 265 2024 Cum
295 1958 337 2024 ad
364 1962 548 2042 praetorem
575 1958 611 2022 in
637 1959 687 2022 ius
716 1958 909 2044 adissemus,
941 1961 1176 2045 excogitatur

72 2065 102 2105 ao
117 2068 194 2112 sane
221 2050 326 2131 acute,
354 2047 431 2131 quid
454 2047 613 2112 decernat.
658 2045 745 2111 Nam
769 2051 844 2112 ante
868 2070 966 2132 quam
989 2049 1125 2114 verbum

115 2134 264 2219 facerem,
287 2136 326 2199 de
345 2136 427 2200 sella
446 2135 587 2200 surrexit
607 2138 704 2219 atque
728 2135 817 2200 abiit.
853 2136 968 2221 Itaque
991 2140 1062 2201 tum
1086 2137 1124 2202 de

115 2223 197 2307 foro,
217 2246 290 2289 eum
308 2223 374 2288 iam
394 2223 684 2308 advesperasceret,
707 2223 922 2290 discessimus.
962 2224 1124 2290 Postridie
1134 2223 1178 2289 66

116 2333 211 2377 mane
239 2313 280 2378 ab
309 2333 347 2376 eo
374 2313 520 2396 postulo,
547 2316 584 2377 ut
612 2310 823 2394 Syracusanis
851 2313 964 2379 liceret
993 2317 1124 2379 senatus

116 2400 313 2484 consultum,
342 2399 428 2485 quod
452 2400 556 2485 pridie
578 2399 744 2483 fecissent,
772 2401 854 2466 mihi
875 2402 1017 2468 reddere.
1062 2402 1125 2468 Ille

74 2507 102 2548 as
117 2488 204 2553 enim
230 2510 307 2554 vero
335 2492 436 2574 negat
462 2492 496 2553 et
519 2488 566 2552 ait
588 2489 757 2576 indignum
780 2490 905 2556 facinus
929 2513 1012 2576 esse,
1039 2491 1126 2576 quod

117 2597 179 2662 ego
205 2577 242 2642 in
267 2580 383 2641 senatu
410 2575 533 2642 Graeco
559 2578 660 2643 verba
685 2577 850 2662 fecissem3
882 2579 967 2663 quod
995 2580 1125 2663 quidem

118 2664 205 2749 apud
231 2663 371 2731 Graecos
401 2663 521 2730 Graece
553 2666 680 2731 locutus
713 2688 832 2750 essem,
863 2666 897 2731 id
928 2667 1007 2732 ferri
1032 2669 1125 2733 nullo

118 2751 214 2818 modo
242 2774 345 2836 posse.
391 2753 557 2838 Respondi
583 2754 722 2838 homini,
754 2758 791 2819 ut
819 2755 924 2840 potui,
956 2758 994 2819 ut
1020 2755 1125 2838 debui,

117 2844 156 2905 ut
186 2840 284 2906 volui.
328 2838 410 2906 Oum
442 2842 560 2925 multa,
591 2845 662 2907 tum
694 2843 793 2908 etiam
824 2844 887 2908 hoc
915 2864 964 2906 me
992 2843 1125 2907 memini

76 2947 104 2988 ao
118 2928 237 3013 dicere,
268 2926 364 2993 facile
392 2950 462 2994 esse
488 2930 709 3015 perspicuum,
741 2934 899 3015 quantum
926 2931 1012 2994 inter
1038 2931 1126 2996 hunc

118 3020 151 3083 et
173 3017 268 3081 illum
290 3015 512 3102 Numidicum,
538 3041 652 3084 verum
675 3023 710 3084 et
733 3039 923 3104 germanum
946 3016 1125 3103 Metellum,

116 3106 303 3190 interesset3
334 3106 428 3170 illum
459 3106 603 3172 noluisse
635 3128 695 3171 sua
726 3106 914 3172 laudatione
945 3106 1056 3172 iuvare
1088 3105 1124 3172 L.

116 3192 302 3278 Lucullum,
327 3193 447 3259 sororis
471 3194 590 3279 virum,
613 3194 742 3278 quicum
766 3194 889 3279 optime
912 3195 1125 3278 convenisset,

117 3283 202 3348 hunc
220 3282 345 3348 homini
364 3282 564 3348 alienissimo
587 3305 607 3348 a
630 3282 817 3348 civitatibus
841 3283 1044 3348 laudationes
1066 3305 1125 3369 per

76 3388 104 3431 as
117 3370 184 3435 vim
200 3375 233 3436 ct
246 3375 370 3436 metum
384 3392 581 3454 comparare.
615 3369 708 3445 Quod
722 3372 778 3437 ubi
792 3371 948 3456 intellexi,
967 3373 1106 3437 multum
1127 3383 1177 3434 148

117 3459 203 3544 apud
233 3459 329 3525 illum
361 3460 499 3525 recentis
531 3458 677 3543 nuntios,
714 3461 854 3525 multum
886 3460 1026 3526 tabellas
1058 3482 1125 3526 non

116 3548 413 3633 commendaticias,
451 3548 507 3613 sed
540 3547 733 3612 tributarias
764 3549 920 3634 valuisse,
958 3549 1125 3615 admonitu
