<?xml version="1.0" encoding="UTF-8"?>
<!DOCTYPE html PUBLIC "-//W3C//DTD XHTML 1.0 Transitional//EN"
    "http://www.w3.org/TR/xhtml1/DTD/xhtml1-transitional.dtd">
<html xmlns="http://www.w3.org/1999/xhtml" xml:lang="en" lang="en">
 <head>
  <title>
</title>
<meta http-equiv="Content-Type" content="text/html;charset=utf-8" />
  <meta name='ocr-system' content='tesseract 3.04.00' />
  <meta name='ocr-capabilities' content='ocr_page ocr_carea ocr_par ocr_line ocrx_word'/>
</head>
<body>
  <div class='ocr_page' id='page_1' title='image "./scriptaquaemans01mullgoog_0325.png"; bbox 0 0 2558 3884; ppageno 0'>
   <div class='ocr_carea' id='block_1_1' title="bbox 194 171 902 242">
    <p class='ocr_par' dir='ltr' id='par_1_1' title="bbox 194 171 902 242">
     <span class='ocr_line' id='line_1_1' title="bbox 194 171 902 242; baseline -0.018 -1"><span class='ocrx_word' id='word_1_1' title='bbox 194 176 261 242; x_wconf 82' lang='lat'>210</span> <span class='ocrx_word' id='word_1_2' title='bbox 494 172 534 227; x_wconf 86' lang='lat' dir='ltr'>IN</span> <span class='ocrx_word' id='word_1_3' title='bbox 552 172 580 228; x_wconf 82' lang='grc' dir='ltr'>Ο.</span> <span class='ocrx_word' id='word_1_4' title='bbox 594 171 751 228; x_wconf 81' lang='lat' dir='ltr'>VERREM</span> <span class='ocrx_word' id='word_1_5' title='bbox 769 171 850 228; x_wconf 72' lang='lat' dir='ltr'>Aer.</span> <span class='ocrx_word' id='word_1_6' title='bbox 868 173 902 228; x_wconf 93' lang='lat' dir='ltr'>II.</span> 
     </span>
    </p>
   </div>
   <div class='ocr_carea' id='block_1_2' title="bbox 115 317 1263 3588">
    <p class='ocr_par' dir='ltr' id='par_1_2' title="bbox 193 317 1205 580">
     <span class='ocr_line' id='line_1_2' title="bbox 194 317 1204 406; baseline -0.004 -20"><span class='ocrx_word' id='word_1_7' title='bbox 194 318 348 406; x_wconf 80' lang='lat' dir='ltr'>quopiam</span> <span class='ocrx_word' id='word_1_8' title='bbox 375 319 520 383; x_wconf 81' lang='lat' dir='ltr'>vestrum</span> <span class='ocrx_word' id='word_1_9' title='bbox 547 317 653 403; x_wconf 84' lang='lat' dir='ltr'>petitu</span> <span class='ocrx_word' id='word_1_10' title='bbox 677 317 757 401; x_wconf 86' lang='lat' dir='ltr'>sint,</span> <span class='ocrx_word' id='word_1_11' title='bbox 784 321 918 403; x_wconf 74' lang='lat' dir='ltr'>praetor</span> <span class='ocrx_word' id='word_1_12' title='bbox 941 317 1124 402; x_wconf 85' lang='lat' dir='ltr'>improbus,</span> <span class='ocrx_word' id='word_1_13' title='bbox 1149 318 1204 384; x_wconf 84' lang='lat' dir='ltr'>cui</span> 
     </span>
     <span class='ocr_line' id='line_1_3' title="bbox 193 405 1205 492; baseline -0.002 -18"><span class='ocrx_word' id='word_1_14' title='bbox 193 427 288 474; x_wconf 90' lang='lat' dir='ltr'>nemo</span> <span class='ocrx_word' id='word_1_15' title='bbox 319 406 517 471; x_wconf 77' lang='lat' dir='ltr'>intercedere</span> <span class='ocrx_word' id='word_1_16' title='bbox 548 405 667 492; x_wconf 88' lang='lat' dir='ltr'>possit,</span> <span class='ocrx_word' id='word_1_17' title='bbox 702 406 769 491; x_wconf 81' lang='lat' dir='ltr'>det,</span> <span class='ocrx_word' id='word_1_18' title='bbox 802 427 899 490; x_wconf 88' lang='lat' dir='ltr'>quem</span> <span class='ocrx_word' id='word_1_19' title='bbox 931 406 1025 489; x_wconf 84' lang='lat' dir='ltr'>velit,</span> <span class='ocrx_word' id='word_1_20' title='bbox 1056 405 1205 492; x_wconf 85' lang='lat' dir='ltr'>indicem,</span> 
     </span>
     <span class='ocr_line' id='line_1_4' title="bbox 193 491 1205 580; baseline 0 -20"><span class='ocrx_word' id='word_1_21' title='bbox 193 496 289 562; x_wconf 84' lang='lat' dir='ltr'>iudex</span> <span class='ocrx_word' id='word_1_22' title='bbox 305 516 446 580; x_wconf 81' lang='lat' dir='ltr'>nequem</span> <span class='ocrx_word' id='word_1_23' title='bbox 468 498 501 559; x_wconf 89' lang='lat' dir='ltr'>et</span> <span class='ocrx_word' id='word_1_24' title='bbox 523 495 619 578; x_wconf 83' lang='lat' dir='ltr'>levis,</span> <span class='ocrx_word' id='word_1_25' title='bbox 642 494 729 578; x_wconf 89' lang='lat' dir='ltr'>quod</span> <span class='ocrx_word' id='word_1_26' title='bbox 750 498 883 579; x_wconf 77' lang='lat' dir='ltr'>praetor</span> <span class='ocrx_word' id='word_1_27' title='bbox 905 491 1053 579; x_wconf 84' lang='lat' dir='ltr'>iusserit,</span> <span class='ocrx_word' id='word_1_28' title='bbox 1075 495 1205 560; x_wconf 85' lang='lat' dir='ltr'>iudicet.</span> 
     </span>
    </p>

    <p class='ocr_par' dir='ltr' id='par_1_3' title="bbox 142 581 1263 1190">
     <span class='ocr_line' id='line_1_5' title="bbox 142 581 1205 668; baseline -0.005 -15"><span class='ocrx_word' id='word_1_29' title='bbox 142 603 175 653; x_wconf 79' lang='lat'>81</span> <span class='ocrx_word' id='word_1_30' title='bbox 195 581 327 651; x_wconf 74' lang='lat' dir='ltr'>sivero</span> <span class='ocrx_word' id='word_1_31' title='bbox 349 584 432 648; x_wconf 87' lang='lat' dir='ltr'>illud</span> <span class='ocrx_word' id='word_1_32' title='bbox 455 605 583 668; x_wconf 90' lang='lat' dir='ltr'>quoque</span> <span class='ocrx_word' id='word_1_33' title='bbox 606 583 747 667; x_wconf 81' lang='lat' dir='ltr'>secedet,</span> <span class='ocrx_word' id='word_1_34' title='bbox 769 586 807 648; x_wconf 91' lang='lat' dir='ltr'>ut</span> <span class='ocrx_word' id='word_1_35' title='bbox 851 585 963 648; x_wconf 86' lang='lat' dir='ltr'>rsetor</span> <span class='ocrx_word' id='word_1_36' title='bbox 984 583 1020 648; x_wconf 94' lang='lat' dir='ltr'>in</span> <span class='ocrx_word' id='word_1_37' title='bbox 1043 605 1082 648; x_wconf 84' lang='lat' dir='ltr'>eo</span> <span class='ocrx_word' id='word_1_38' title='bbox 1103 584 1205 649; x_wconf 82' lang='lat' dir='ltr'>verbu</span> 
     </span>
     <span class='ocr_line' id='line_1_6' title="bbox 194 606 1226 758; baseline -0.006 -19"><span class='ocrx_word' id='word_1_39' title='bbox 194 672 347 739; x_wconf 83' lang='lat' dir='ltr'>iudicium</span> <span class='ocrx_word' id='word_1_40' title='bbox 371 671 438 756; x_wconf 86' lang='lat' dir='ltr'>det,</span> <span class='ocrx_word' id='word_1_41' title='bbox 461 676 498 737; x_wconf 91' lang='lat' dir='ltr'>ut</span> <span class='ocrx_word' id='word_1_42' title='bbox 520 672 572 738; x_wconf 85' lang='lat' dir='ltr'>vel</span> <span class='ocrx_word' id='word_1_43' title='bbox 595 671 631 737; x_wconf 86' lang='lat' dir='ltr'>L.</span> <span class='ocrx_word' id='word_1_44' title='bbox 649 670 804 737; x_wconf 77' lang='lat' dir='ltr'>Octavius</span> <span class='ocrx_word' id='word_1_45' title='bbox 826 606 953 737; x_wconf 66' lang='lat' dir='ltr'>Relbus</span> <span class='ocrx_word' id='word_1_46' title='bbox 975 671 1081 758; x_wconf 78' lang='lat' dir='ltr'>iudex,</span> <span class='ocrx_word' id='word_1_47' title='bbox 1102 673 1226 738; x_wconf 76' lang='lat' dir='ltr'>homoe</span> 
     </span>
     <span class='ocr_line' id='line_1_7' title="bbox 195 759 1204 847; baseline -0.002 -21"><span class='ocrx_word' id='word_1_48' title='bbox 195 767 228 827; x_wconf 87' lang='lat' dir='ltr'>et</span> <span class='ocrx_word' id='word_1_49' title='bbox 249 760 330 826; x_wconf 89' lang='lat' dir='ltr'>iuris</span> <span class='ocrx_word' id='word_1_50' title='bbox 354 763 387 826; x_wconf 90' lang='lat' dir='ltr'>et</span> <span class='ocrx_word' id='word_1_51' title='bbox 409 760 509 826; x_wconf 88' lang='lat' dir='ltr'>officii</span> <span class='ocrx_word' id='word_1_52' title='bbox 530 759 762 847; x_wconf 86' lang='lat' dir='ltr'>peritissimus,</span> <span class='ocrx_word' id='word_1_53' title='bbox 786 780 854 825; x_wconf 92' lang='lat' dir='ltr'>non</span> <span class='ocrx_word' id='word_1_54' title='bbox 875 759 982 844; x_wconf 87' lang='lat' dir='ltr'>possit</span> <span class='ocrx_word' id='word_1_55' title='bbox 1004 760 1102 826; x_wconf 80' lang='lat' dir='ltr'>aliter</span> <span class='ocrx_word' id='word_1_56' title='bbox 1123 760 1204 824; x_wconf 85' lang='lat' dir='ltr'>iudi·</span> 
     </span>
     <span class='ocr_line' id='line_1_8' title="bbox 194 845 1204 935; baseline -0.002 -19"><span class='ocrx_word' id='word_1_57' title='bbox 194 869 281 935; x_wconf 85' lang='lat' dir='ltr'>oure,</span> <span class='ocrx_word' id='word_1_58' title='bbox 308 849 338 914; x_wconf 89' lang='lat' dir='ltr'>si</span> <span class='ocrx_word' id='word_1_59' title='bbox 363 849 516 914; x_wconf 78' lang='lat' dir='ltr'>iudicium</span> <span class='ocrx_word' id='word_1_60' title='bbox 544 849 588 914; x_wconf 90' lang='lat' dir='ltr'>sit</span> <span class='ocrx_word' id='word_1_61' title='bbox 614 848 683 913; x_wconf 87' lang='lat' dir='ltr'>eius</span> <span class='ocrx_word' id='word_1_62' title='bbox 709 847 810 914; x_wconf 85' lang='lat' dir='ltr'>modi:</span> <span class='ocrx_word' id='word_1_63' title='bbox 837 847 874 912; x_wconf 86' lang='lat' dir='ltr'>L.</span> <span class='ocrx_word' id='word_1_64' title='bbox 891 845 1069 916; x_wconf 69' lang='lat' dir='ltr'>(tenemus</span> <span class='ocrx_word' id='word_1_65' title='bbox 1091 865 1204 914; x_wconf 79' lang='lat' dir='ltr'>murex</span> 
     </span>
     <span class='ocr_line' id='line_1_9' title="bbox 194 935 1263 1022; baseline -0.001 -19"><span class='ocrx_word' id='word_1_66' title='bbox 194 955 292 1005; x_wconf 83' lang='lat' dir='ltr'>nsro.</span> <span class='ocrx_word' id='word_1_67' title='bbox 324 935 361 1003; x_wconf 80' lang='lat' dir='ltr'>Sr</span> <span class='ocrx_word' id='word_1_68' title='bbox 373 955 486 1002; x_wconf 74' lang='lat' dir='ltr'>nsnnn</span> <span class='ocrx_word' id='word_1_69' title='bbox 500 953 648 1003; x_wconf 79' lang='lat' dir='ltr'>neuneu</span> <span class='ocrx_word' id='word_1_70' title='bbox 662 935 887 1020; x_wconf 71' lang='lat' dir='ltr'>Olenunrnn,</span> <span class='ocrx_word' id='word_1_71' title='bbox 906 952 978 1013; x_wconf 77' lang='lat' dir='ltr'>ouo</span> <span class='ocrx_word' id='word_1_72' title='bbox 991 953 1040 1002; x_wconf 83' lang='lat' dir='ltr'>nn</span> <span class='ocrx_word' id='word_1_73' title='bbox 1060 953 1205 1022; x_wconf 75' lang='lat' dir='ltr'>serron,</span> <span class='ocrx_word' id='word_1_74' title='bbox 1262 969 1263 974; x_wconf 61' lang='lat'><em>=</em></span> 
     </span>
     <span class='ocr_line' id='line_1_10' title="bbox 194 1023 1263 1109; baseline 0 -18"><span class='ocrx_word' id='word_1_75' title='bbox 194 1045 243 1092; x_wconf 83' lang='lat' dir='ltr'>nx</span> <span class='ocrx_word' id='word_1_76' title='bbox 256 1044 341 1093; x_wconf 80' lang='lat' dir='ltr'>mnu</span> <span class='ocrx_word' id='word_1_77' title='bbox 355 1025 545 1102; x_wconf 73' lang='lat' dir='ltr'>Quirinum</span> <span class='ocrx_word' id='word_1_78' title='bbox 556 1024 592 1090; x_wconf 93' lang='lat' dir='ltr'>P.</span> <span class='ocrx_word' id='word_1_79' title='bbox 604 1023 749 1093; x_wconf 79' lang='lat' dir='ltr'>Servmr</span> <span class='ocrx_word' id='word_1_80' title='bbox 762 1041 856 1109; x_wconf 84' lang='lat' dir='ltr'>nssn,</span> <span class='ocrx_word' id='word_1_81' title='bbox 874 1038 992 1102; x_wconf 77' lang='lat' dir='ltr'>unone</span> <span class='ocrx_word' id='word_1_82' title='bbox 1010 1041 1043 1090; x_wconf 89' lang='lat' dir='ltr'>1s</span> <span class='ocrx_word' id='word_1_83' title='bbox 1061 1041 1204 1091; x_wconf 76' lang='lat' dir='ltr'>nunnus</span> <span class='ocrx_word' id='word_1_84' title='bbox 1261 1055 1263 1080; x_wconf 55' lang='grc' dir='ltr'>ε</span> 
     </span>
     <span class='ocr_line' id='line_1_11' title="bbox 195 1109 1263 1190; baseline -0.007 -9"><span class='ocrx_word' id='word_1_85' title='bbox 195 1113 667 1190; x_wconf 77' lang='lat' dir='ltr'>Q.Osrunonnsr1nunuun:</span> <span class='ocrx_word' id='word_1_86' title='bbox 689 1134 756 1180; x_wconf 91' lang='lat' dir='ltr'>non</span> <span class='ocrx_word' id='word_1_87' title='bbox 777 1131 907 1180; x_wconf 87' lang='lat' dir='ltr'>necesse</span> <span class='ocrx_word' id='word_1_88' title='bbox 930 1113 993 1178; x_wconf 92' lang='lat' dir='ltr'>erit</span> <span class='ocrx_word' id='word_1_89' title='bbox 1015 1110 1051 1178; x_wconf 85' lang='lat' dir='ltr'>L.</span> <span class='ocrx_word' id='word_1_90' title='bbox 1066 1111 1204 1180; x_wconf 77' lang='lat' dir='ltr'>Octavio</span> <span class='ocrx_word' id='word_1_91' title='bbox 1217 1135 1238 1174; x_wconf 82' lang='grc' dir='ltr'>ιο</span> <span class='ocrx_word' id='word_1_92' title='bbox 1261 1109 1263 1156; x_wconf 70' lang='lat'>7</span> 
     </span>
    </p>

    <p class='ocr_par' dir='ltr' id='par_1_4' title="bbox 168 1199 1263 1994">
     <span class='ocr_line' id='line_1_12' title="bbox 168 1199 1204 1288; baseline -0.002 -20"><span class='ocrx_word' id='word_1_93' title='bbox 168 1275 170 1280; x_wconf 55' lang='grc'>,</span> <span class='ocrx_word' id='word_1_94' title='bbox 193 1203 293 1270; x_wconf 87' lang='lat' dir='ltr'>iudici</span> <span class='ocrx_word' id='word_1_95' title='bbox 310 1223 426 1288; x_wconf 83' lang='lat' dir='ltr'>cogere</span> <span class='ocrx_word' id='word_1_96' title='bbox 443 1201 478 1266; x_wconf 95' lang='lat' dir='ltr'>P.</span> <span class='ocrx_word' id='word_1_97' title='bbox 493 1201 666 1268; x_wconf 82' lang='lat' dir='ltr'>Servilium</span> <span class='ocrx_word' id='word_1_98' title='bbox 684 1201 721 1278; x_wconf 78' lang='lat' dir='ltr'>Q.</span> <span class='ocrx_word' id='word_1_99' title='bbox 735 1199 854 1268; x_wconf 74' lang='lat' dir='ltr'>Catulo</span> <span class='ocrx_word' id='word_1_100' title='bbox 871 1201 1008 1266; x_wconf 84' lang='lat' dir='ltr'>fundum</span> <span class='ocrx_word' id='word_1_101' title='bbox 1029 1202 1204 1268; x_wconf 76' lang='lat' dir='ltr'>restituere</span> 
     </span>
     <span class='ocr_line' id='line_1_13' title="bbox 195 1287 1205 1375; baseline -0.002 -19"><span class='ocrx_word' id='word_1_102' title='bbox 195 1295 252 1356; x_wconf 82' lang='lat' dir='ltr'>aut</span> <span class='ocrx_word' id='word_1_103' title='bbox 270 1291 483 1356; x_wconf 80' lang='lat' dir='ltr'>condemnere</span> <span class='ocrx_word' id='word_1_104' title='bbox 502 1312 584 1375; x_wconf 88' lang='lat' dir='ltr'>eum,</span> <span class='ocrx_word' id='word_1_105' title='bbox 607 1311 704 1374; x_wconf 87' lang='lat' dir='ltr'>quem</span> <span class='ocrx_word' id='word_1_106' title='bbox 721 1311 789 1356; x_wconf 92' lang='lat' dir='ltr'>non</span> <span class='ocrx_word' id='word_1_107' title='bbox 806 1289 979 1374; x_wconf 75' lang='lat' dir='ltr'>oporteat?</span> <span class='ocrx_word' id='word_1_108' title='bbox 1011 1287 1094 1356; x_wconf 80' lang='lat' dir='ltr'>Rius</span> <span class='ocrx_word' id='word_1_109' title='bbox 1116 1290 1205 1356; x_wconf 85' lang='lat' dir='ltr'>modi</span> 
     </span>
     <span class='ocr_line' id='line_1_14' title="bbox 194 1375 1205 1464; baseline 0.002 -22"><span class='ocrx_word' id='word_1_110' title='bbox 194 1383 302 1443; x_wconf 90' lang='lat' dir='ltr'>totum</span> <span class='ocrx_word' id='word_1_111' title='bbox 319 1379 369 1442; x_wconf 86' lang='lat' dir='ltr'>ius</span> <span class='ocrx_word' id='word_1_112' title='bbox 388 1378 597 1464; x_wconf 82' lang='lat' dir='ltr'>praetorium,</span> <span class='ocrx_word' id='word_1_113' title='bbox 621 1377 777 1460; x_wconf 89' lang='lat' dir='ltr'>[eiusdem</span> <span class='ocrx_word' id='word_1_114' title='bbox 795 1375 897 1460; x_wconf 82' lang='lat' dir='ltr'>modi]</span> <span class='ocrx_word' id='word_1_115' title='bbox 914 1377 1021 1444; x_wconf 87' lang='lat' dir='ltr'>omnis</span> <span class='ocrx_word' id='word_1_116' title='bbox 1044 1397 1098 1444; x_wconf 88' lang='lat' dir='ltr'>res</span> <span class='ocrx_word' id='word_1_117' title='bbox 1120 1379 1205 1444; x_wconf 87' lang='lat' dir='ltr'>iudi-</span> 
     </span>
     <span class='ocr_line' id='line_1_15' title="bbox 194 1463 1263 1552; baseline -0.001 -20"><span class='ocrx_word' id='word_1_118' title='bbox 194 1466 294 1532; x_wconf 79' lang='lat' dir='ltr'>ciario</span> <span class='ocrx_word' id='word_1_119' title='bbox 327 1465 387 1531; x_wconf 85' lang='lat' dir='ltr'>luit</span> <span class='ocrx_word' id='word_1_120' title='bbox 418 1466 453 1530; x_wconf 91' lang='lat' dir='ltr'>in</span> <span class='ocrx_word' id='word_1_121' title='bbox 480 1463 591 1532; x_wconf 79' lang='lat' dir='ltr'>Sicilie</span> <span class='ocrx_word' id='word_1_122' title='bbox 621 1487 680 1552; x_wconf 89' lang='lat' dir='ltr'>per</span> <span class='ocrx_word' id='word_1_123' title='bbox 711 1465 888 1538; x_wconf 82' lang='lat' dir='ltr'>triennium</span> <span class='ocrx_word' id='word_1_124' title='bbox 910 1465 1012 1532; x_wconf 86' lang='lat' dir='ltr'>Verre</span> <span class='ocrx_word' id='word_1_125' title='bbox 1040 1471 1203 1551; x_wconf 80' lang='lat' dir='ltr'>praetore,</span> <span class='ocrx_word' id='word_1_126' title='bbox 1257 1487 1263 1542; x_wconf 71' lang='lat' dir='ltr'>l</span> 
     </span>
     <span class='ocr_line' id='line_1_16' title="bbox 194 1552 1236 1639; baseline -0.004 -21"><span class='ocrx_word' id='word_1_127' title='bbox 194 1554 263 1618; x_wconf 85' lang='lat' dir='ltr'>eius</span> <span class='ocrx_word' id='word_1_128' title='bbox 281 1553 369 1619; x_wconf 89' lang='lat' dir='ltr'>modi</span> <span class='ocrx_word' id='word_1_129' title='bbox 387 1553 529 1620; x_wconf 78' lang='lat' dir='ltr'>decretu:</span> <span class='ocrx_word' id='word_1_130' title='bbox 551 1552 589 1620; x_wconf 81' lang='lat' dir='ltr'>Sr</span> <span class='ocrx_word' id='word_1_131' title='bbox 610 1571 684 1621; x_wconf 80' lang='lat' dir='ltr'>nou</span> <span class='ocrx_word' id='word_1_132' title='bbox 706 1571 851 1639; x_wconf 72' lang='lat' dir='ltr'>iconie,</span> <span class='ocrx_word' id='word_1_133' title='bbox 873 1571 971 1633; x_wconf 80' lang='lat' dir='ltr'>ouon</span> <span class='ocrx_word' id='word_1_134' title='bbox 993 1571 1038 1618; x_wconf 83' lang='lat' dir='ltr'>nn</span> <span class='ocrx_word' id='word_1_135' title='bbox 1060 1573 1202 1620; x_wconf 79' lang='lat' dir='ltr'>nnnnnn</span> <span class='ocrx_word' id='word_1_136' title='bbox 1215 1575 1236 1615; x_wconf 73' lang='lat'>1⁵</span> 
     </span>
     <span class='ocr_line' id='line_1_17' title="bbox 193 1640 1202 1727; baseline 0.001 -20"><span class='ocrx_word' id='word_1_137' title='bbox 193 1659 491 1726; x_wconf 76' lang='lat' dir='ltr'>n1e1s,sccusns;</span> <span class='ocrx_word' id='word_1_138' title='bbox 519 1660 550 1711; x_wconf 89' lang='lat' dir='ltr'>s1</span> <span class='ocrx_word' id='word_1_139' title='bbox 577 1661 692 1727; x_wconf 80' lang='lat' dir='ltr'>nnnr,</span> <span class='ocrx_word' id='word_1_140' title='bbox 719 1657 842 1710; x_wconf 73' lang='lat' dir='ltr'>nuces.</span> <span class='ocrx_word' id='word_1_141' title='bbox 888 1640 923 1708; x_wconf 85' lang='lat' dir='ltr'>O.</span> <span class='ocrx_word' id='word_1_142' title='bbox 945 1641 1107 1710; x_wconf 82' lang='lat' dir='ltr'>Fuficium</span> <span class='ocrx_word' id='word_1_143' title='bbox 1130 1643 1202 1709; x_wconf 80' lang='lat' dir='ltr'>duci</span> 
     </span>
     <span class='ocr_line' id='line_1_18' title="bbox 193 1729 1203 1817; baseline -0.001 -21"><span class='ocrx_word' id='word_1_144' title='bbox 193 1731 289 1796; x_wconf 85' lang='lat' dir='ltr'>iussit</span> <span class='ocrx_word' id='word_1_145' title='bbox 320 1731 508 1817; x_wconf 86' lang='lat' dir='ltr'>petitorem,</span> <span class='ocrx_word' id='word_1_146' title='bbox 539 1730 575 1797; x_wconf 85' lang='lat' dir='ltr'>L.</span> <span class='ocrx_word' id='word_1_147' title='bbox 603 1729 762 1815; x_wconf 80' lang='lat' dir='ltr'>Suetium,</span> <span class='ocrx_word' id='word_1_148' title='bbox 793 1729 828 1796; x_wconf 80' lang='lat' dir='ltr'>L.</span> <span class='ocrx_word' id='word_1_149' title='bbox 857 1729 1026 1796; x_wconf 74' lang='lat' dir='ltr'>Racilium.</span> <span class='ocrx_word' id='word_1_150' title='bbox 1078 1730 1203 1798; x_wconf 76' lang='lat' dir='ltr'>Iudicio</span> 
     </span>
     <span class='ocr_line' id='line_1_19' title="bbox 193 1816 1202 1904; baseline 0 -20"><span class='ocrx_word' id='word_1_151' title='bbox 193 1820 263 1884; x_wconf 89' lang='lat' dir='ltr'>eius</span> <span class='ocrx_word' id='word_1_152' title='bbox 289 1819 391 1885; x_wconf 89' lang='lat' dir='ltr'>modi:</span> <span class='ocrx_word' id='word_1_153' title='bbox 417 1820 473 1904; x_wconf 92' lang='lat' dir='ltr'>qui</span> <span class='ocrx_word' id='word_1_154' title='bbox 501 1819 587 1885; x_wconf 88' lang='lat' dir='ltr'>cives</span> <span class='ocrx_word' id='word_1_155' title='bbox 609 1819 750 1885; x_wconf 82' lang='lat' dir='ltr'>Romani</span> <span class='ocrx_word' id='word_1_156' title='bbox 773 1822 879 1904; x_wconf 84' lang='lat' dir='ltr'>erent,</span> <span class='ocrx_word' id='word_1_157' title='bbox 907 1819 936 1884; x_wconf 87' lang='lat' dir='ltr'>si</span> <span class='ocrx_word' id='word_1_158' title='bbox 958 1816 1059 1884; x_wconf 82' lang='lat' dir='ltr'>Siculi</span> <span class='ocrx_word' id='word_1_159' title='bbox 1083 1824 1202 1903; x_wconf 85' lang='lat' dir='ltr'>essent,</span> 
     </span>
     <span class='ocr_line' id='line_1_20' title="bbox 192 1905 1201 1994; baseline -0.002 -20"><span class='ocrx_word' id='word_1_160' title='bbox 192 1929 267 1974; x_wconf 86' lang='lat' dir='ltr'>oum</span> <span class='ocrx_word' id='word_1_161' title='bbox 285 1905 411 1974; x_wconf 81' lang='lat' dir='ltr'>Siculos</span> <span class='ocrx_word' id='word_1_162' title='bbox 429 1929 541 1974; x_wconf 89' lang='lat' dir='ltr'>eorum</span> <span class='ocrx_word' id='word_1_163' title='bbox 563 1907 692 1994; x_wconf 82' lang='lat' dir='ltr'>legibus</span> <span class='ocrx_word' id='word_1_164' title='bbox 715 1907 785 1974; x_wconf 82' lang='lat' dir='ltr'>duri</span> <span class='ocrx_word' id='word_1_165' title='bbox 808 1910 987 1992; x_wconf 80' lang='lat' dir='ltr'>oporteret3</span> <span class='ocrx_word' id='word_1_166' title='bbox 1010 1907 1067 1992; x_wconf 89' lang='lat' dir='ltr'>qui</span> <span class='ocrx_word' id='word_1_167' title='bbox 1091 1907 1201 1991; x_wconf 83' lang='lat' dir='ltr'>Siculi,</span> 
     </span>
    </p>

    <p class='ocr_par' dir='ltr' id='par_1_5' title="bbox 141 1994 1262 2259">
     <span class='ocr_line' id='line_1_21' title="bbox 141 1994 1232 2082; baseline -0.005 -21"><span class='ocrx_word' id='word_1_168' title='bbox 141 2003 174 2052; x_wconf 81' lang='lat'>32</span> <span class='ocrx_word' id='word_1_169' title='bbox 194 1997 224 2061; x_wconf 90' lang='lat' dir='ltr'>si</span> <span class='ocrx_word' id='word_1_170' title='bbox 244 1996 331 2062; x_wconf 89' lang='lat' dir='ltr'>cives</span> <span class='ocrx_word' id='word_1_171' title='bbox 354 1996 494 2062; x_wconf 76' lang='lat' dir='ltr'>Romani</span> <span class='ocrx_word' id='word_1_172' title='bbox 516 2000 632 2062; x_wconf 88' lang='lat' dir='ltr'>essent.</span> <span class='ocrx_word' id='word_1_173' title='bbox 672 1994 795 2062; x_wconf 86' lang='lat' dir='ltr'>Verum</span> <span class='ocrx_word' id='word_1_174' title='bbox 817 1999 855 2061; x_wconf 89' lang='lat' dir='ltr'>nt</span> <span class='ocrx_word' id='word_1_175' title='bbox 876 1999 983 2062; x_wconf 89' lang='lat' dir='ltr'>totum</span> <span class='ocrx_word' id='word_1_176' title='bbox 1006 2014 1112 2082; x_wconf 79' lang='lat' dir='ltr'>genus</span> <span class='ocrx_word' id='word_1_177' title='bbox 1136 2017 1232 2062; x_wconf 81' lang='lat' dir='ltr'>ern-u</span> 
     </span>
     <span class='ocr_line' id='line_1_22' title="bbox 192 2081 1262 2169; baseline 0.002 -21"><span class='ocrx_word' id='word_1_178' title='bbox 192 2084 381 2169; x_wconf 78' lang='lat' dir='ltr'>plectemini</span> <span class='ocrx_word' id='word_1_179' title='bbox 406 2084 612 2168; x_wconf 76' lang='lat' dir='ltr'>iudiciorum,</span> <span class='ocrx_word' id='word_1_180' title='bbox 642 2084 733 2169; x_wconf 84' lang='lat' dir='ltr'>prius</span> <span class='ocrx_word' id='word_1_181' title='bbox 758 2084 831 2150; x_wconf 78' lang='lat' dir='ltr'>iura</span> <span class='ocrx_word' id='word_1_182' title='bbox 858 2081 1054 2169; x_wconf 66' lang='lat' dir='ltr'>Siculum,</span> <span class='ocrx_word' id='word_1_183' title='bbox 1087 2085 1201 2152; x_wconf 86' lang='lat' dir='ltr'>deinde</span> <span class='ocrx_word' id='word_1_184' title='bbox 1261 2139 1262 2168; x_wconf 23' lang='grc' dir='ltr'><strong>ἶ</strong></span> 
     </span>
     <span class='ocr_line' id='line_1_23' title="bbox 191 2172 1262 2259; baseline 0.003 -23"><span class='ocrx_word' id='word_1_185' title='bbox 191 2172 288 2237; x_wconf 85' lang='lat' dir='ltr'>istius</span> <span class='ocrx_word' id='word_1_186' title='bbox 311 2172 464 2238; x_wconf 82' lang='lat' dir='ltr'>institute</span> <span class='ocrx_word' id='word_1_187' title='bbox 486 2173 683 2259; x_wconf 75' lang='lat' dir='ltr'>cognoscite.</span> <span class='ocrx_word' id='word_1_188' title='bbox 1100 2255 1102 2258; x_wconf 16' lang='grc' dir='ltr'>Ι</span> <span class='ocrx_word' id='word_1_189' title='bbox 1261 2185 1262 2252; x_wconf 73' lang='lat' dir='ltr'>l</span> 
     </span>
    </p>

    <p class='ocr_par' dir='ltr' id='par_1_6' title="bbox 141 2257 1262 2435">
     <span class='ocr_line' id='line_1_24' title="bbox 141 2257 1262 2348; baseline 0.003 -25"><span class='ocrx_word' id='word_1_190' title='bbox 141 2261 182 2324; x_wconf 89' lang='grc'>13</span> <span class='ocrx_word' id='word_1_191' title='bbox 260 2257 360 2325; x_wconf 83' lang='lat' dir='ltr'>Siculi</span> <span class='ocrx_word' id='word_1_192' title='bbox 377 2260 440 2324; x_wconf 90' lang='lat' dir='ltr'>hoc</span> <span class='ocrx_word' id='word_1_193' title='bbox 456 2260 527 2325; x_wconf 87' lang='lat' dir='ltr'>iure</span> <span class='ocrx_word' id='word_1_194' title='bbox 546 2265 630 2344; x_wconf 87' lang='lat' dir='ltr'>sunt,</span> <span class='ocrx_word' id='word_1_195' title='bbox 653 2263 698 2345; x_wconf 87' lang='lat' dir='ltr'>ut,</span> <span class='ocrx_word' id='word_1_196' title='bbox 721 2260 806 2346; x_wconf 87' lang='lat' dir='ltr'>quod</span> <span class='ocrx_word' id='word_1_197' title='bbox 824 2260 904 2326; x_wconf 82' lang='lat' dir='ltr'>ciris</span> <span class='ocrx_word' id='word_1_198' title='bbox 923 2281 996 2325; x_wconf 89' lang='lat' dir='ltr'>cnm</span> <span class='ocrx_word' id='word_1_199' title='bbox 1017 2260 1088 2327; x_wconf 86' lang='lat' dir='ltr'>cive</span> <span class='ocrx_word' id='word_1_200' title='bbox 1114 2266 1201 2348; x_wconf 81' lang='lat' dir='ltr'>egat,</span> <span class='ocrx_word' id='word_1_201' title='bbox 1261 2257 1262 2262; x_wconf 66' lang='grc'>’</span> 
     </span>
     <span class='ocr_line' id='line_1_25' title="bbox 192 2346 1201 2435; baseline 0.005 -24"><span class='ocrx_word' id='word_1_202' title='bbox 192 2346 280 2412; x_wconf 89' lang='lat' dir='ltr'>domi</span> <span class='ocrx_word' id='word_1_203' title='bbox 312 2351 415 2413; x_wconf 88' lang='lat' dir='ltr'>certet</span> <span class='ocrx_word' id='word_1_204' title='bbox 446 2347 513 2414; x_wconf 87' lang='lat' dir='ltr'>suis</span> <span class='ocrx_word' id='word_1_205' title='bbox 545 2349 686 2435; x_wconf 83' lang='lat' dir='ltr'>legibus,</span> <span class='ocrx_word' id='word_1_206' title='bbox 719 2349 804 2433; x_wconf 87' lang='lat' dir='ltr'>quod</span> <span class='ocrx_word' id='word_1_207' title='bbox 831 2346 959 2419; x_wconf 82' lang='lat' dir='ltr'>Siculus</span> <span class='ocrx_word' id='word_1_208' title='bbox 988 2369 1061 2414; x_wconf 89' lang='lat' dir='ltr'>oum</span> <span class='ocrx_word' id='word_1_209' title='bbox 1091 2347 1201 2416; x_wconf 83' lang='lat' dir='ltr'>Siculo</span> 
     </span>
    </p>

    <p class='ocr_par' dir='ltr' id='par_1_7' title="bbox 115 2435 1261 3406">
     <span class='ocr_line' id='line_1_26' title="bbox 115 2435 1231 2522; baseline 0.005 -23"><span class='ocrx_word' id='word_1_210' title='bbox 115 2483 119 2492; x_wconf 83' lang='lat'>.</span> <span class='ocrx_word' id='word_1_211' title='bbox 191 2456 257 2500; x_wconf 91' lang='lat' dir='ltr'>non</span> <span class='ocrx_word' id='word_1_212' title='bbox 280 2435 424 2500; x_wconf 86' lang='lat' dir='ltr'>eiusdem</span> <span class='ocrx_word' id='word_1_213' title='bbox 446 2435 602 2520; x_wconf 76' lang='lat' dir='ltr'>civitatis,</span> <span class='ocrx_word' id='word_1_214' title='bbox 625 2441 662 2502; x_wconf 86' lang='lat' dir='ltr'>ut</span> <span class='ocrx_word' id='word_1_215' title='bbox 685 2437 724 2504; x_wconf 89' lang='lat' dir='ltr'>de</span> <span class='ocrx_word' id='word_1_216' title='bbox 747 2457 785 2504; x_wconf 92' lang='lat' dir='ltr'>eo</span> <span class='ocrx_word' id='word_1_217' title='bbox 807 2441 940 2522; x_wconf 82' lang='lat' dir='ltr'>praetor</span> <span class='ocrx_word' id='word_1_218' title='bbox 962 2436 1082 2504; x_wconf 84' lang='lat' dir='ltr'>iudices</span> <span class='ocrx_word' id='word_1_219' title='bbox 1106 2460 1149 2504; x_wconf 81' lang='lat' dir='ltr'>ex</span> <span class='ocrx_word' id='word_1_220' title='bbox 1167 2439 1231 2504; x_wconf 72' lang='lat' dir='ltr'>Ro</span> 
     </span>
     <span class='ocr_line' id='line_1_27' title="bbox 190 2522 1200 2612; baseline 0.006 -24"><span class='ocrx_word' id='word_1_221' title='bbox 190 2522 303 2608; x_wconf 86' lang='lat' dir='ltr'>Rupili</span> <span class='ocrx_word' id='word_1_222' title='bbox 321 2525 459 2609; x_wconf 86' lang='lat' dir='ltr'>decreto,</span> <span class='ocrx_word' id='word_1_223' title='bbox 482 2525 672 2610; x_wconf 68' lang='lat' dir='ltr'>quoditie</span> <span class='ocrx_word' id='word_1_224' title='bbox 696 2525 805 2595; x_wconf 83' lang='lat' dir='ltr'>decem</span> <span class='ocrx_word' id='word_1_225' title='bbox 827 2526 1012 2612; x_wconf 78' lang='lat' dir='ltr'>legutorum</span> <span class='ocrx_word' id='word_1_226' title='bbox 1035 2527 1200 2594; x_wconf 82' lang='lat' dir='ltr'>sententie</span> 
     </span>
     <span class='ocr_line' id='line_1_28' title="bbox 191 2613 1200 2700; baseline 0.006 -24"><span class='ocrx_word' id='word_1_227' title='bbox 191 2613 322 2697; x_wconf 79' lang='lat' dir='ltr'>statuit,</span> <span class='ocrx_word' id='word_1_228' title='bbox 349 2617 447 2697; x_wconf 83' lang='lat' dir='ltr'>quom</span> <span class='ocrx_word' id='word_1_229' title='bbox 473 2613 525 2680; x_wconf 92' lang='lat' dir='ltr'>illi</span> <span class='ocrx_word' id='word_1_230' title='bbox 551 2614 659 2700; x_wconf 83' lang='lat' dir='ltr'>legem</span> <span class='ocrx_word' id='word_1_231' title='bbox 681 2613 847 2699; x_wconf 86' lang='lat' dir='ltr'>Rupilium</span> <span class='ocrx_word' id='word_1_232' title='bbox 869 2618 1000 2698; x_wconf 76' lang='lat' dir='ltr'>vocent,</span> <span class='ocrx_word' id='word_1_233' title='bbox 1028 2616 1200 2700; x_wconf 79' lang='lat' dir='ltr'>sortiatur3</span> 
     </span>
     <span class='ocr_line' id='line_1_29' title="bbox 192 2701 1261 2788; baseline 0.004 -22"><span class='ocrx_word' id='word_1_234' title='bbox 192 2701 276 2785; x_wconf 89' lang='lat' dir='ltr'>quod</span> <span class='ocrx_word' id='word_1_235' title='bbox 304 2701 452 2786; x_wconf 86' lang='lat' dir='ltr'>privatus</span> <span class='ocrx_word' id='word_1_236' title='bbox 480 2723 501 2767; x_wconf 81' lang='lat' dir='ltr'><strong>a</strong></span> <span class='ocrx_word' id='word_1_237' title='bbox 522 2703 644 2787; x_wconf 88' lang='lat' dir='ltr'>populo</span> <span class='ocrx_word' id='word_1_238' title='bbox 667 2703 751 2787; x_wconf 90' lang='lat' dir='ltr'>petit</span> <span class='ocrx_word' id='word_1_239' title='bbox 773 2706 831 2767; x_wconf 83' lang='lat' dir='ltr'>cut</span> <span class='ocrx_word' id='word_1_240' title='bbox 852 2702 992 2788; x_wconf 85' lang='lat' dir='ltr'>populus</span> <span class='ocrx_word' id='word_1_241' title='bbox 1016 2724 1036 2767; x_wconf 82' lang='lat' dir='ltr'><strong>a</strong></span> <span class='ocrx_word' id='word_1_242' title='bbox 1058 2705 1199 2788; x_wconf 76' lang='lat' dir='ltr'>privato,</span> <span class='ocrx_word' id='word_1_243' title='bbox 1260 2769 1261 2776; x_wconf 68' lang='grc'>,</span> 
     </span>
     <span class='ocr_line' id='line_1_30' title="bbox 192 2789 1261 2889; baseline 0.004 -35"><span class='ocrx_word' id='word_1_244' title='bbox 192 2791 323 2856; x_wconf 82' lang='lat' dir='ltr'>senatus</span> <span class='ocrx_word' id='word_1_245' title='bbox 353 2811 391 2855; x_wconf 87' lang='lat' dir='ltr'>ex</span> <span class='ocrx_word' id='word_1_246' title='bbox 418 2789 529 2876; x_wconf 78' lang='lat' dir='ltr'>ulique</span> <span class='ocrx_word' id='word_1_247' title='bbox 556 2790 702 2875; x_wconf 77' lang='lat' dir='ltr'>civitate,</span> <span class='ocrx_word' id='word_1_248' title='bbox 734 2791 790 2875; x_wconf 89' lang='lat' dir='ltr'>qui</span> <span class='ocrx_word' id='word_1_249' title='bbox 816 2791 949 2875; x_wconf 82' lang='lat' dir='ltr'>iudicet,</span> <span class='ocrx_word' id='word_1_250' title='bbox 984 2791 1093 2876; x_wconf 82' lang='lat' dir='ltr'>datur,</span> <span class='ocrx_word' id='word_1_251' title='bbox 1127 2815 1198 2858; x_wconf 88' lang='lat' dir='ltr'>oum</span> <span class='ocrx_word' id='word_1_252' title='bbox 1260 2807 1261 2889; x_wconf 51' lang='lat' dir='ltr'>l</span> 
     </span>
     <span class='ocr_line' id='line_1_31' title="bbox 191 2878 1231 2963; baseline 0.003 -19"><span class='ocrx_word' id='word_1_253' title='bbox 191 2878 337 2944; x_wconf 77' lang='lat' dir='ltr'>alternae</span> <span class='ocrx_word' id='word_1_254' title='bbox 364 2878 513 2944; x_wconf 81' lang='lat' dir='ltr'>civitates</span> <span class='ocrx_word' id='word_1_255' title='bbox 541 2878 678 2944; x_wconf 75' lang='lat' dir='ltr'>reiectae</span> <span class='ocrx_word' id='word_1_256' title='bbox 702 2883 791 2962; x_wconf 80' lang='lat' dir='ltr'>sunt3</span> <span class='ocrx_word' id='word_1_257' title='bbox 819 2879 904 2963; x_wconf 89' lang='lat' dir='ltr'>quod</span> <span class='ocrx_word' id='word_1_258' title='bbox 928 2879 1007 2944; x_wconf 86' lang='lat' dir='ltr'>civis</span> <span class='ocrx_word' id='word_1_259' title='bbox 1030 2879 1231 2946; x_wconf 74' lang='lat' dir='ltr'>Romunuew</span> 
     </span>
     <span class='ocr_line' id='line_1_32' title="bbox 192 2964 1198 3053; baseline 0.004 -21"><span class='ocrx_word' id='word_1_260' title='bbox 192 2989 212 3032; x_wconf 82' lang='lat' dir='ltr'><strong>a</strong></span> <span class='ocrx_word' id='word_1_261' title='bbox 234 2965 341 3032; x_wconf 81' lang='lat' dir='ltr'>Siculo</span> <span class='ocrx_word' id='word_1_262' title='bbox 364 2967 462 3053; x_wconf 87' lang='lat' dir='ltr'>petit,</span> <span class='ocrx_word' id='word_1_263' title='bbox 489 2964 616 3033; x_wconf 84' lang='lat' dir='ltr'>Siculus</span> <span class='ocrx_word' id='word_1_264' title='bbox 638 2967 733 3032; x_wconf 84' lang='lat' dir='ltr'>iudex</span> <span class='ocrx_word' id='word_1_265' title='bbox 758 2968 894 3050; x_wconf 85' lang='lat' dir='ltr'>[datur],</span> <span class='ocrx_word' id='word_1_266' title='bbox 918 2967 1004 3052; x_wconf 87' lang='lat' dir='ltr'>quod</span> <span class='ocrx_word' id='word_1_267' title='bbox 1026 2964 1157 3035; x_wconf 81' lang='lat' dir='ltr'>Siculus</span> <span class='ocrx_word' id='word_1_268' title='bbox 1180 2992 1198 3036; x_wconf 82' lang='lat' dir='ltr'>s</span> 
     </span>
     <span class='ocr_line' id='line_1_33' title="bbox 191 3054 1197 3140; baseline 0.004 -20"><span class='ocrx_word' id='word_1_269' title='bbox 191 3055 254 3120; x_wconf 85' lang='lat' dir='ltr'>civi</span> <span class='ocrx_word' id='word_1_270' title='bbox 274 3054 438 3139; x_wconf 83' lang='lat' dir='ltr'>Romano,</span> <span class='ocrx_word' id='word_1_271' title='bbox 460 3054 539 3121; x_wconf 84' lang='lat' dir='ltr'>civis</span> <span class='ocrx_word' id='word_1_272' title='bbox 562 3055 728 3122; x_wconf 80' lang='lat' dir='ltr'>Romanus</span> <span class='ocrx_word' id='word_1_273' title='bbox 751 3057 860 3140; x_wconf 76' lang='lat' dir='ltr'>datur3</span> <span class='ocrx_word' id='word_1_274' title='bbox 883 3059 1065 3122; x_wconf 79' lang='lat' dir='ltr'>ceterorum</span> <span class='ocrx_word' id='word_1_275' title='bbox 1088 3080 1197 3124; x_wconf 88' lang='lat' dir='ltr'>rerum</span> 
     </span>
     <span class='ocr_line' id='line_1_34' title="bbox 192 3143 1198 3232; baseline 0.005 -24"><span class='ocrx_word' id='word_1_276' title='bbox 192 3143 304 3208; x_wconf 88' lang='lat' dir='ltr'>selecti</span> <span class='ocrx_word' id='word_1_277' title='bbox 329 3143 451 3210; x_wconf 89' lang='lat' dir='ltr'>iudices</span> <span class='ocrx_word' id='word_1_278' title='bbox 479 3165 518 3209; x_wconf 84' lang='lat' dir='ltr'>ex</span> <span class='ocrx_word' id='word_1_279' title='bbox 544 3148 705 3211; x_wconf 86' lang='lat' dir='ltr'>conventu</span> <span class='ocrx_word' id='word_1_280' title='bbox 732 3144 850 3212; x_wconf 84' lang='lat' dir='ltr'>civium</span> <span class='ocrx_word' id='word_1_281' title='bbox 864 3143 1100 3210; x_wconf 81' lang='lat' dir='ltr'>&#39;Romanorum</span> <span class='ocrx_word' id='word_1_282' title='bbox 1127 3169 1198 3232; x_wconf 81' lang='lat' dir='ltr'>pro</span> 
     </span>
     <span class='ocr_line' id='line_1_35' title="bbox 190 3231 1196 3320; baseline 0.006 -24"><span class='ocrx_word' id='word_1_283' title='bbox 190 3231 268 3316; x_wconf 90' lang='lat' dir='ltr'>poni</span> <span class='ocrx_word' id='word_1_284' title='bbox 301 3232 415 3297; x_wconf 87' lang='lat' dir='ltr'>solent.</span> <span class='ocrx_word' id='word_1_285' title='bbox 459 3231 550 3298; x_wconf 89' lang='lat' dir='ltr'>Inter</span> <span class='ocrx_word' id='word_1_286' title='bbox 578 3237 723 3300; x_wconf 79' lang='lat' dir='ltr'>aratores</span> <span class='ocrx_word' id='word_1_287' title='bbox 751 3235 788 3307; x_wconf 32' lang='lat' dir='ltr'>et.</span> <span class='ocrx_word' id='word_1_288' title='bbox 812 3233 1005 3300; x_wconf 74' lang='lat' dir='ltr'>decumanos</span> <span class='ocrx_word' id='word_1_289' title='bbox 1033 3234 1107 3320; x_wconf 80' lang='lat' dir='ltr'>lege</span> <span class='ocrx_word' id='word_1_290' title='bbox 1134 3235 1196 3302; x_wconf 84' lang='lat' dir='ltr'>fru-</span> 
     </span>
     <span class='ocr_line' id='line_1_36' title="bbox 190 3315 1228 3406; baseline 0.008 -24"><span class='ocrx_word' id='word_1_291' title='bbox 190 3318 364 3402; x_wconf 79' lang='lat' dir='ltr'>mentario,</span> <span class='ocrx_word' id='word_1_292' title='bbox 392 3341 489 3403; x_wconf 82' lang='lat' dir='ltr'>quam</span> <span class='ocrx_word' id='word_1_293' title='bbox 516 3318 725 3386; x_wconf 74' lang='lat' dir='ltr'>Hieronicam</span> <span class='ocrx_word' id='word_1_294' title='bbox 753 3315 934 3406; x_wconf 82' lang='lat' dir='ltr'>appellent,</span> <span class='ocrx_word' id='word_1_295' title='bbox 961 3321 1080 3388; x_wconf 83' lang='lat' dir='ltr'>iudicia</span> <span class='ocrx_word' id='word_1_296' title='bbox 1107 3324 1228 3390; x_wconf 68' lang='lat' dir='ltr'>finnus</span> 
     </span>
    </p>

    <p class='ocr_par' dir='ltr' id='par_1_8' title="bbox 138 3403 1196 3588">
     <span class='ocr_line' id='line_1_37' title="bbox 138 3403 1196 3495; baseline 0.01 -28"><span class='ocrx_word' id='word_1_297' title='bbox 138 3409 171 3455; x_wconf 83' lang='lat'>33</span> <span class='ocrx_word' id='word_1_298' title='bbox 190 3403 280 3469; x_wconf 79' lang='lat' dir='ltr'>Haec</span> <span class='ocrx_word' id='word_1_299' title='bbox 308 3407 417 3470; x_wconf 82' lang='lat' dir='ltr'>omnio</span> <span class='ocrx_word' id='word_1_300' title='bbox 438 3406 504 3472; x_wconf 87' lang='lat' dir='ltr'>isto</span> <span class='ocrx_word' id='word_1_301' title='bbox 526 3413 677 3492; x_wconf 76' lang='lat' dir='ltr'>praetore</span> <span class='ocrx_word' id='word_1_302' title='bbox 699 3430 766 3475; x_wconf 91' lang='lat' dir='ltr'>non</span> <span class='ocrx_word' id='word_1_303' title='bbox 788 3410 884 3474; x_wconf 90' lang='lat' dir='ltr'>modo</span> <span class='ocrx_word' id='word_1_304' title='bbox 908 3411 1115 3495; x_wconf 77' lang='lat' dir='ltr'>perturbata,</span> <span class='ocrx_word' id='word_1_305' title='bbox 1143 3413 1196 3478; x_wconf 84' lang='lat' dir='ltr'>sed</span> 
     </span>
     <span class='ocr_line' id='line_1_38' title="bbox 189 3490 1195 3588; baseline 0.014 -36"><span class='ocrx_word' id='word_1_306' title='bbox 189 3490 287 3574; x_wconf 80' lang='lat' dir='ltr'>plene</span> <span class='ocrx_word' id='word_1_307' title='bbox 310 3495 344 3555; x_wconf 88' lang='lat' dir='ltr'>et</span> <span class='ocrx_word' id='word_1_308' title='bbox 361 3491 478 3558; x_wconf 86' lang='lat' dir='ltr'>Siculis</span> <span class='ocrx_word' id='word_1_309' title='bbox 502 3498 535 3559; x_wconf 92' lang='lat' dir='ltr'>et</span> <span class='ocrx_word' id='word_1_310' title='bbox 558 3495 682 3562; x_wconf 81' lang='lat' dir='ltr'>civibus</span> <span class='ocrx_word' id='word_1_311' title='bbox 703 3495 860 3563; x_wconf 80' lang='lat' dir='ltr'>Romanis</span> <span class='ocrx_word' id='word_1_312' title='bbox 885 3503 998 3584; x_wconf 82' lang='lat' dir='ltr'>erepte</span> <span class='ocrx_word' id='word_1_313' title='bbox 1021 3505 1112 3582; x_wconf 82' lang='lat' dir='ltr'>sunt3</span> <span class='ocrx_word' id='word_1_314' title='bbox 1135 3502 1195 3588; x_wconf 88' lang='lat' dir='ltr'>pri·</span> 
     </span>
    </p>
   </div>
   <div class='ocr_carea' id='block_1_3' title="bbox 0 0 1284 3884">
    <p class='ocr_par' dir='ltr' id='par_1_9' title="bbox 0 0 1284 3884">
     <span class='ocr_line' id='line_1_39' title="bbox 0 0 1284 3884; baseline 0 0"><span class='ocrx_word' id='word_1_315' title='bbox 0 0 1284 3884; x_wconf 95' lang='lat' dir='ltr'> </span> 
     </span>
    </p>
   </div>
  </div>
 </body>
</html>
