2622 3884
218 187 284 254 446
520 185 560 240 IN
578 184 608 241 O.
621 184 777 240 VERREM
794 184 875 240 Aer.
894 186 929 240 11.

220 333 342 413 omnia,
373 328 403 395 si
434 329 528 395 doces
558 352 675 395 navem
703 330 742 393 de
769 333 827 395 tua
853 329 990 414 pecunia
1017 331 1235 414 aedificatam,

217 421 350 485 remitto
375 422 472 502 atque
496 418 644 484 concedo.
685 415 748 482 Sed
770 418 846 501 hoc,
874 418 972 483 homo
997 419 1234 503 amentissime,

217 531 284 573 non
300 505 466 592 intellegis
485 505 594 591 priore
613 506 740 572 actione
759 507 800 570 ab
823 506 905 591 ipsis
923 506 997 571 istis
1015 506 1234 592 Mamertinis,

217 596 284 660 tuis
311 595 550 679 laudatoribus,
577 615 648 659 esse
672 595 861 660 sublatum?
901 594 988 660 Nam
1010 595 1096 659 dixit
1119 595 1233 678 Heius,

216 684 368 769 princeps
390 683 485 748 istius
508 683 698 769 legationis,
721 705 803 766 quae
827 683 868 748 ad
890 686 983 748 tuam
1006 681 1253 750 laudationem

217 772 319 838 missa
346 775 409 857 est,
435 793 553 838 navem
580 771 643 836 tibi
666 771 772 856 operis
795 771 935 856 publicis
957 771 1233 838 Mamertinorum

218 883 288 926 esse
315 861 450 945 factam,
478 860 571 945 eique
598 859 763 925 faciendae
789 863 975 925 senatorem
996 860 1232 926 Mamertinum

216 949 347 1035 publice
373 948 562 1034 praefuisse.
608 947 747 1031 Reliqua
770 951 820 1012 est
844 948 1005 1013 materies.
1050 947 1151 1014 Hanc
1173 949 1232 1014 Re

218 1038 317 1124 ginis,
344 1041 382 1103 ut
407 1037 472 1121 ipsi
500 1037 611 1102 dieunt
637 1033 786 1122 (tametsi
813 1039 850 1101 tu
878 1057 999 1122 negare
1020 1057 1089 1102 non
1112 1038 1232 1122 potes),

217 1127 356 1211 publice,
379 1125 465 1210 quod
483 1124 670 1189 Mamertini
693 1124 863 1190 materiem
885 1146 952 1190 non
973 1125 1108 1209 habent,
1130 1126 1232 1212 impe
1243 1146 1261 1182 u

168 1215 342 1280 l9ravisti.
379 1211 422 1298 Si,
445 1217 479 1276 et
497 1234 537 1277 ex
555 1234 618 1295 quo
637 1212 676 1277 fit
693 1213 786 1277 navis
805 1217 838 1277 et
858 1213 913 1297 qui
933 1211 1067 1295 faciunt,
1089 1213 1231 1299 imperio

217 1303 280 1366 tibi
297 1306 364 1384 tue,
386 1322 452 1367 non
470 1300 576 1385 pretio
595 1304 727 1385 praesto
745 1300 886 1384 fuerunt,
908 1301 965 1366 ubi
983 1301 1118 1366 tandem
1141 1303 1232 1368 istud

165 1397 198 1445 48
218 1389 313 1472 latet,
344 1389 430 1472 quod
457 1392 494 1453 tu
507 1388 560 1453 de
587 1393 646 1454 tua
672 1389 808 1474 pecunia
835 1388 914 1454 dicis
941 1389 1138 1474 inpensum?
1188 1391 1231 1455 At
1286 1395 1287 1454 l

217 1477 405 1542 Mamertini
436 1477 469 1540 in
504 1477 628 1542 tabulis
659 1478 743 1541 nihil
775 1477 905 1542 habent.
954 1477 1103 1542 Primum
1136 1479 1231 1544 video
1286 1497 1287 1570 t

216 1565 362 1650 potuisse
387 1565 471 1649 fieri,
498 1569 535 1630 ut
559 1587 598 1630 ex
621 1566 746 1630 aerario
768 1565 851 1630 nihil
874 1565 1003 1651 darent,
1030 1567 1155 1631 etenim
1180 1568 1230 1633 vel
1243 1586 1260 1624 u

218 1651 431 1739 Capitolium,
463 1653 548 1719 sicut
578 1654 663 1738 apud
690 1653 829 1718 maiores
857 1659 988 1719 nostros
1016 1653 1143 1720 factum
1174 1661 1230 1740 est,

218 1743 345 1829 publice
374 1741 495 1808 coactis
517 1741 625 1806 fabris
654 1741 824 1826 operisque
851 1741 1020 1826 imperatis
1048 1744 1157 1829 gratis
1183 1765 1231 1810 ex·

218 1831 381 1899 aedificari
400 1834 497 1914 atque
517 1829 601 1895 effici
618 1831 739 1914 potuit,
763 1830 877 1895 deinde
895 1831 1065 1916 perspicio,
1088 1831 1124 1896 id
1143 1833 1231 1918 quod

218 1920 401 2003 ostendam,
429 1940 502 1983 cum
528 1918 618 2002 ipsos
643 1919 838 2003 produxero,
865 1918 1011 2003 ipsorum
1034 1941 1073 1984 ex
1096 1920 1230 2004 litteris,

217 2008 339 2073 multas
370 2005 523 2092 pecunias
555 2006 611 2070 isti
642 2011 794 2092 erogatas
822 2008 856 2072 in
884 2029 1019 2091 operum
1045 2007 1260 2074 locationeeu

216 2095 319 2161 falsas
334 2099 432 2179 atque
446 2095 559 2158 inanes
574 2115 644 2158 esse
662 2095 870 2180 perscriptas.
901 2093 972 2160 lam
990 2095 1073 2160 illud
1092 2097 1228 2162 minime

218 2185 336 2250 mirum
364 2186 427 2266 eet,
454 2183 681 2266 Mamertinos,
709 2206 729 2247 a
757 2205 819 2267 quo
849 2205 1011 2248 summum
1034 2184 1227 2254 beneficium

218 2274 418 2356 acceperant,
437 2292 533 2355 quem
547 2270 611 2335 sibi
626 2271 811 2337 amiciorem
826 2293 923 2355 quam
939 2272 1062 2356 populo
1076 2272 1226 2338 Romano
1285 2301 1286 2352 3

218 2381 288 2424 esse
315 2362 550 2444 cognoverant,
578 2359 646 2424 eius
675 2359 773 2444 capiti
799 2359 919 2424 litteris
943 2361 1009 2424 suis
1032 2361 1226 2444 pepercisse.
1285 2363 1286 2394 ³

217 2445 280 2512 Sed
305 2446 334 2511 si
357 2450 550 2532 argumento
574 2450 624 2511 eet
647 2446 859 2512 Mamertinos
882 2447 944 2511 tibi
966 2449 1139 2532 pecuniam
1161 2467 1255 2516 nonu

217 2535 352 2618 dedisse,
376 2535 452 2618 quia
470 2534 627 2619 scriptum
644 2556 711 2600 non
728 2535 860 2620 habent,
884 2535 927 2599 sit
946 2541 1142 2620 argumento
1166 2538 1224 2602 tibi

218 2623 321 2725 gratis
341 2626 428 2688 stare
446 2644 572 2707 navem,
591 2623 675 2707 quia,
695 2623 772 2706 quid
790 2623 905 2688 emeris
925 2628 981 2688 aut
1001 2623 1078 2707 quid
1096 2625 1223 2709 locaris,

163 2805 197 2853 49
217 2711 935 2864 senillildlniiiiOiddirecomiibridiiieildamartinis
957 2821 1023 2864 non
1045 2799 1222 2886 imperasti,

217 2887 304 2973 quod
317 2891 393 2952 sunt
406 2885 574 2953 foederati.
602 2886 644 2951 Di
659 2887 852 2971 adprobent!
876 2886 1043 2952 Habemus
1056 2888 1221 2954 hominem
1233 2907 1254 2946 ³⁰

216 2976 249 3040 in
267 2976 429 3040 fetialium
448 2974 596 3039 manibus
621 2975 800 3059 educatum,
823 2997 923 3040 unum
945 2979 1075 3059 praeter
1099 2982 1220 3043 ceteros

215 3063 250 3127 in
282 3062 423 3149 publicis
457 3062 670 3148 religionibus
703 3064 869 3128 foederum
902 3067 1051 3128 sanctum
1084 3087 1122 3130 ac
1155 3066 1221 3130 dili-

217 3155 360 3237 gentem,
379 3171 500 3234 omnes,
519 3150 574 3233 qui
589 3155 664 3215 ante
678 3155 710 3216 te
723 3151 864 3234 fuerunt,
883 3155 1050 3235 praetores
1065 3152 1221 3218 dedantur

216 3238 428 3340 Mamertinis,
451 3237 537 3322 quod
554 3237 595 3302 iis
613 3260 730 3303 navem
749 3243 863 3304 contra
880 3240 1065 3323 pactionem
1083 3239 1220 3306 foederis

215 3323 1252 3502 deeseteltlnllltllalttlttuttelstet'²
1284 3381 1285 3412 ¹

216 3495 268 3558 An
300 3497 362 3561 hoc
393 3497 562 3580 probabis,
594 3499 629 3561 in
662 3522 765 3585 aequa
796 3522 893 3566 eausa
924 3503 1121 3588 populorum
1154 3505 1220 3570 eine
