2576 3882
318 217 387 274 ΜΒ.
406 218 432 273 11
460 218 537 275 cnr.
557 225 662 276 rs-rs
680 225 695 286 5
716 226 866 276 res-192.
1031 219 1097 285 269

85 362 175 427 Fieri
199 384 266 427 non
293 368 416 447 potest,
443 368 493 449 ut,
522 386 618 448 quem
644 365 738 430 video
763 368 797 429 te
819 368 971 450 praetore
993 364 1028 429 in
1051 361 1098 429 Si-

86 452 163 517 cilia
189 450 290 516 fuisse
319 456 352 516 et
379 473 475 536 quem
503 475 542 517 ex
568 454 641 536 ipsa
668 453 795 518 ratione
822 453 980 539 intellego
1008 453 1098 518 locu-

84 541 208 625 pletem
239 540 352 624 fuisse,
384 562 458 606 enm
484 544 521 607 tu
549 541 584 606 iu
610 544 668 605 tua
694 542 861 626 provincia
887 564 954 607 non
981 563 1098 627 cogno·

85 629 182 694 veris.
218 628 328 714 Atque
351 629 445 713 adeo,
467 651 507 694 ne
529 629 592 696 boc
615 633 672 694 aut
695 630 825 716 longius
848 634 905 696 aut
929 630 1098 695 obscurius

56 732 159 782 besse
185 717 303 802 possit,
331 718 494 802 procedite
521 718 556 782 in
579 719 720 783 medium
743 722 841 803 atque
864 718 1023 804 explicate
1047 719 1098 782 de-

87 807 297 890 scriptionem
325 807 564 893 imaginemque
591 807 791 891 tabularum,
819 811 855 871 ut
879 828 990 872 omnes
1014 828 1097 870 mor·

86 894 172 959 tales
186 894 282 958 istius
301 895 457 959 avaritiae
476 917 541 959 non
559 895 626 958 iarn
644 895 792 981 vestigia,
812 895 868 960 sed
887 897 959 979 ipsa
977 895 1098 960 cubilia

86 982 196 1047 videre
225 983 363 1066 possint.
408 982 535 1048 Videtis
558 981 772 1048 Verrucium?
809 984 925 1049 videtis
955 984 1078 1066 primas
1101 955 1150 1082 lbi

87 1071 216 1135 litteras
243 1071 412 1157 integras?
445 1071 561 1136 videtis
591 1076 769 1136 extremam
795 1076 922 1157 partem
948 1071 1097 1153 nominis,

42 1180 73 1222 ro
88 1159 203 1225 codam
234 1158 327 1224 illam
350 1157 523 1224 Verrinam
555 1163 722 1245 tamquam
754 1159 790 1224 in
817 1160 888 1225 luto
917 1160 1097 1225 demersam

88 1269 160 1312 essa
177 1247 211 1312 in
230 1247 351 1313 litura?
388 1246 440 1313 Sic
463 1248 586 1313 babent
609 1270 644 1313 ss
666 1249 811 1332 tabulae,
833 1248 969 1332 iudicas,
993 1251 1030 1313 ut
1053 1247 1098 1312 vi-

88 1335 181 1400 detis.
227 1333 311 1411 Quid
338 1337 528 1420 expectatis,
555 1336 632 1420 quid
660 1337 816 1421 qnaeritis
845 1336 1008 1420 amplius?
1048 1335 1096 1400 Tu

87 1426 171 1508 ipse,
198 1422 332 1508 Verres,
365 1424 442 1508 quid
474 1425 577 1508 sedes,
610 1424 687 1509 quid
719 1425 879 1491 moraris?
924 1423 1011 1490 Nam
1041 1431 1098 1490 aut

88 1513 242 1578 exhibeas
269 1511 364 1578 nobis
384 1510 575 1578 Verrucium
603 1535 734 1578 necesse
762 1518 812 1578 est
840 1517 897 1579 aut
923 1518 957 1578 te
980 1512 1098 1578 Verru-

41 1619 73 1662 rs
88 1601 174 1667 cium
198 1623 267 1666 esse
289 1601 422 1666 fateare.

154 1689 344 1754 Laudentur
367 1694 512 1754 oratores
536 1692 670 1772 veteres,
694 1687 805 1754 Crassi
827 1689 878 1753 illi
901 1694 934 1753 et
952 1688 1098 1773 Antonii,

87 1778 175 1862 quod
202 1779 337 1844 crimina
366 1778 487 1842 diluere
516 1776 666 1859 dilucide,
699 1776 785 1860 quod
812 1777 941 1859 copiose
969 1798 1097 1840 reorum

88 1887 203 1932 causas
229 1865 398 1931 defendere
422 1866 572 1930 solerent.
617 1864 782 1930 Nimirum
804 1864 853 1928 illi
877 1886 943 1929 non
965 1864 1097 1950 ingenio

88 1956 196 2020 solum
222 1955 274 2020 his
301 1955 463 2040 patronis,
490 1954 547 2019 sed
572 1953 705 2017 fortuna
733 1952 832 2018 etiam
855 1954 1098 2037 praestiterunt.

42 2064 73 2104 so
87 2041 194 2109 Nemo
226 2043 312 2107 enim
343 2043 391 2108 ita
422 2047 494 2107 tum
520 2042 690 2126 peccabat,
721 2045 758 2106 ut
786 2040 964 2106 defensioni
990 2041 1098 2106 locum

86 2154 156 2197 non
173 2131 378 2216 relinquerat,
402 2153 496 2195 nemo
515 2131 564 2194 ita
581 2131 722 2214 vivebat,
744 2133 782 2193 ut
803 2129 896 2194 nulla
919 2129 988 2194 eius
1010 2129 1098 2194 vitae
1118 2183 1124 2195 i

86 2219 848 2373 tlaltmttlttltlltttt0it*att}
862 2239 970 2371 tt?
980 2217 1100 2371 flat

87 2396 233 2480 infacto,
251 2333 322 2461 tulin
335 2395 555 2481 impudentior
573 2357 744 2478 videretur,
764 2394 792 2458 si
809 2330 954 2482 nepgaret.
985 2394 1080 2460 Nunc
1100 2407 1151 2458 192

42 2503 73 2546 ss
88 2506 167 2551 vero
200 2485 277 2569 quid
304 2485 404 2551 faeiat
430 2484 625 2549 Hortensius
655 2485 862 2567 [patronusJ'l
899 2483 1098 2549 avaritiaene

88 2573 225 2639 crimina
237 2572 440 2660 frugalitatis
455 2573 605 2637 laudibus
625 2571 834 2656 deprecetur?
867 2571 914 2636 At
932 2571 1097 2636 bominem

86 2662 391 2748 flagitiosissimum,
409 2659 711 2726 libidinosissimum
729 2661 1027 2745 nequissimumque
1047 2660 1098 2724 de

86 2750 201 2816 feudit.
242 2750 297 2815 An
319 2751 361 2815 ab
384 2750 445 2815 hac
466 2750 562 2814 istius
585 2749 721 2833 infamia
743 2769 780 2814 ac
801 2748 947 2833 nequitia
970 2752 1096 2812 vestros

88 2839 214 2904 animos
235 2837 271 2903 in
293 2839 393 2903 aliam
415 2842 543 2923 partem
564 2837 766 2902 fortitudinis
790 2835 1096 2903 commemoratione

42 2947 73 2986 eo
87 2927 260 2992 traducat?
292 2926 339 2990 At
356 2927 455 2991 homo
473 2926 619 3010 inertior,
637 2926 796 3011 ignavior,
819 2926 925 3010 magis
944 2924 994 2987 vir
1011 2923 1097 2987 inter

87 3014 254 3099 mulieres,
281 3015 409 3098 impura
435 3015 521 3079 inter
545 3015 633 3078 viros
656 3013 847 3078 muliercula
869 3011 1009 3097 proferri
1031 3032 1098 3075 non

86 3107 206 3190 potest.
247 3103 294 3168 At
319 3125 425 3169 mores
449 3103 617 3168 commodi.
662 3099 741 3176 Quis
765 3100 998 3181 contumacior,
1025 3100 1096 3182 quis

86 3192 303 3276 inhumanior,
327 3192 399 3275 quis
418 3190 610 3276 superbior?
642 3189 792 3254 Athaco
815 3189 883 3253 sine
906 3188 1096 3272 cuiusquam

87 3280 185 3345 malo,
227 3279 307 3356 Quis
333 3280 492 3362 acerbior,
520 3279 591 3363 quis
614 3277 813 3361 insidiosior,
842 3277 913 3361 quis
937 3276 1097 3341 crudelior

41 3386 73 3429 ss
87 3390 244 3452 umquam
273 3367 358 3433 fuit?
403 3367 443 3432 In
473 3367 536 3432 boo
567 3365 698 3431 homine
727 3369 825 3449 atque
851 3367 886 3429 in
913 3366 981 3430 eius
1009 3365 1097 3430 modi

88 3478 187 3522 causa
201 3456 278 3541 qnid
291 3456 436 3522 facerent
451 3477 562 3520 omnes
577 3453 688 3519 Orassi
706 3457 739 3517 et
753 3453 911 3520 Antonii?
945 3454 1096 3539 Tantum,

87 3545 213 3630 opinor,
236 3545 404 3610 Hortensi:
429 3545 469 3611 ad
488 3565 619 3609 causam
637 3563 702 3606 non
726 3543 914 3608 accederent
936 3565 1039 3629 noque
1062 3544 1096 3608 in
