2622 3884
346 213 414 269 ΜΒ.
433 213 472 270 IV
504 215 582 271 cAP.
602 223 707 272 ca-el
726 223 741 284 a
762 225 909 276 res-143.
1062 219 1128 285 423

119 354 252 440 itaque
294 359 416 423 omnis
457 358 650 425 liberatos
687 360 929 448 discessisse,
971 368 1009 428 et
1044 386 1128 430 esse

119 444 297 530 ignotum
320 447 517 512 omnibus?
563 447 650 525 Quas
670 470 732 535 ego
756 450 883 517 litteras
908 452 1128 539 obsignandas

119 533 250 622 publico
275 533 370 620 signo
395 535 675 621 deportandasque
698 539 817 604 curavi.

186 621 235 687 De
263 623 450 689 laudatione
478 628 588 690 autem
615 625 700 691 ratio
729 626 775 692 sic
798 627 879 692 mihi
901 629 1027 694 reddita
1050 634 1110 696 est.
1130 644 1179 694 141

90 709 265 776 sPrimum
291 733 366 777 cum
393 709 471 778 aO.
487 711 590 778 Verre
617 713 747 780 litterae
776 716 943 800 aliquanto
972 722 1047 783 ante
1075 718 1128 784 ad·
1302 783 1303 786 ,

118 803 252 865 ventum
274 821 382 865 meum
406 799 444 865 de
467 801 654 867 laudatione
677 803 851 888 venissent,
873 805 957 869 nihil
980 827 1051 871 esse
1074 807 1128 872 de·
1302 803 1303 878 l

119 891 257 971 cretum3
291 888 404 954 deinde
436 912 509 954 cum
542 891 675 974 quidam
704 913 743 956 ex
774 891 864 957 illius
896 893 1009 958 amicis
1041 915 1128 960 oom-

118 979 288 1041 monerent
317 982 467 1061 oportere
495 978 635 1063 decerni,
662 980 804 1045 maximo
831 980 973 1047 clamore
1001 1003 1071 1047 esse
1094 986 1128 1048 et

118 1065 263 1130 convicio
286 1065 488 1150 repudiatos3
510 1071 633 1152 postea,
657 1090 755 1152 quom
779 1091 869 1134 meus
893 1070 1051 1135 adventus
1075 1070 1128 1136 ad·

75 1171 104 1210 1⁰
117 1153 362 1238 propinquaret,
380 1155 558 1239 imperasse
575 1177 657 1241 eum,
676 1157 732 1240 qui
751 1179 912 1222 summam
929 1161 1128 1243 potestatem

117 1241 267 1325 haberet,
292 1245 330 1307 ut
354 1242 575 1327 decernerent,
599 1244 762 1310 decretum
784 1244 832 1310 ita
855 1267 939 1330 esse,
961 1251 999 1311 ut
1022 1247 1127 1312 multo

114 1331 193 1414 ,plus
216 1329 268 1394 illi
289 1329 435 1396 laudatio
459 1332 539 1396 mali
562 1353 659 1416 quam
682 1333 761 1398 boni
782 1338 895 1416 posset
918 1334 1053 1400 adferre.
1089 1335 1128 1399 Id

119 1419 213 1503 adeo,
235 1418 370 1502 iudices,
393 1422 431 1484 ut
450 1419 532 1484 mihi
555 1421 596 1485 ab
620 1421 687 1486 illis
711 1421 970 1488 demonstratum
993 1427 1058 1508 ast,
1081 1423 1128 1488 sic

117 1528 177 1572 vos
200 1529 238 1571 ex
263 1528 314 1572 me
337 1508 532 1593 cognoscite.

75 1613 103 1654 ι(
185 1595 257 1661 Mos
281 1599 331 1660 est
355 1594 536 1681 Syracusis,
564 1599 614 1680 ut,
637 1598 666 1662 si
689 1619 754 1681 qua
777 1598 816 1663 de
836 1621 872 1664 rc
894 1599 936 1664 ad
960 1571 1182 1697 senatum1⁶,‘{

117 1683 289 1769 referatur,
307 1684 393 1749 dicat
407 1685 613 1768 sententiam,
631 1685 688 1768 qui
705 1686 800 1770 velit3
817 1687 1012 1752 nominatim
1032 1710 1127 1753 nemo
1302 1691 1303 1698 ’

118 1775 263 1857 rogatur,
287 1775 462 1856 ettamen,
485 1778 522 1837 ut
546 1773 681 1857 quisquc
705 1777 813 1839 aetate
837 1775 1016 1840 ethonore
1040 1779 1128 1840 ante-

118 1861 218 1944 cedit,
248 1861 296 1925 ita
325 1861 450 1946 primus
478 1861 563 1926 solet
591 1883 650 1926 sua
677 1865 793 1946 sponte
821 1862 940 1946 dicero,
971 1863 1082 1948 itaque
1109 1887 1129 1928 a

118 1949 235 2014 ceteris
254 1949 284 2013 ei
303 1949 501 2033 conceditur,
522 1949 573 2014 sin
592 1950 766 2033 aliquando
784 1954 895 2016 tacent
910 1973 1035 2036 omnes,
1056 1955 1128 2016 tum

77 2056 105 2096 aa
120 2037 238 2102 sortito
257 2041 418 2123 coguntur
441 2037 555 2103 dicere.
596 2035 678 2103 Cum
700 2038 754 2104 hic
777 2060 847 2103 mos
871 2043 966 2122 esset,
989 2039 1129 2105 refertur

121 2125 162 2190 ad
180 2129 330 2190 senatum
349 2125 387 2191 de
406 2125 593 2191 laudatione
607 2125 728 2191 Verris.
768 2125 808 2190 In
831 2149 894 2211 quo
917 2128 1069 2213 primum,
1091 2133 1129 2194 ut

120 2213 244 2298 aliquid
265 2217 351 2280 essct
374 2236 493 2299 morae,
516 2214 614 2279 multi
636 2214 861 2300 interpellant,
884 2215 923 2279 de
943 2215 1014 2281 Sex.
1028 2216 1130 2282 Pedu-

119 2324 209 2385 caeo,
242 2302 298 2386 qui
330 2303 369 2367 de
400 2304 458 2368 illa
490 2303 622 2368 civitate
648 2305 783 2388 totaque
811 2304 979 2388 provincia
1006 2305 1129 2390 optime

88 2457 92 2464 ,
119 2391 255 2455 meritus
274 2394 374 2474 esset,
396 2412 467 2455 sese
490 2394 599 2476 antea,
622 2413 695 2456 cum
719 2391 885 2458 audissent
908 2393 938 2457 ei
959 2395 1129 2480 negotium

76 2497 105 2539 aa
119 2479 321 2563 facessitum,
353 2501 489 2563 cumque
522 2501 596 2544 eum
626 2480 756 2564 publice
787 2502 847 2565 pro
879 2481 1029 2566 plurimis
1060 2482 1129 2548 eius

120 2570 154 2631 et
177 2568 327 2633 maximis
351 2561 477 2632 meritis
500 2567 634 2633 laudare
656 2572 819 2653 cuperent,
842 2591 862 2634 a
883 2567 918 2634 G.
931 2568 1034 2635 Verre
1056 2593 1130 2655 prc-

118 2656 242 2721 hibitos
266 2677 349 2740 esse;
374 2656 523 2741 iniquum
546 2678 629 2741 esse,
652 2657 786 2722 tametsi
807 2656 993 2724 Peducaeus
1018 2681 1129 2724 eorum

119 2743 307 2810 laudatione
330 2745 396 2810 iam
419 2767 486 2810 non
508 2748 663 2828 uteretur,
686 2749 797 2810 tamen
819 2767 886 2811 non
907 2746 941 2811 id
963 2747 1054 2830 prius
1079 2747 1129 2811 de·

119 2855 262 2916 cernere,
290 2833 376 2917 quod
404 2834 578 2918 aliquando
605 2835 799 2918 voluissent,
828 2855 926 2917 quam
950 2835 1036 2917 quod
1058 2837 1129 2899 tum

76 2940 105 2981 ³0
120 2925 321 3008 cogerentur.
354 2920 569 2987 Conclamant
587 2944 698 2988 omnes
718 2925 751 2988 et
769 2922 952 3006 adprobant
969 2922 1018 2986 ita
1040 2922 1111 2985 fieri
1132 2935 1181 2985 143

120 3013 279 3095 oportere.
323 3009 477 3075 Refertur
505 3010 544 3075 de
565 3009 741 3075 Peducaeo.
781 3008 829 3075 Ut
857 3011 992 3094 quisque
1021 3013 1129 3075 aetate

119 3099 295 3164 ethonore
314 3098 534 3182 antecedebat,
556 3099 604 3164 ita
623 3097 819 3182 sententiam
843 3097 924 3161 dixit
947 3120 985 3162 ex
1009 3097 1129 3164 ordine.

118 3186 157 3251 Id
188 3187 268 3252 adeo
302 3208 340 3251 ex
371 3187 443 3271 ipso
476 3190 608 3252 senatus
641 3187 790 3252 consulto
822 3186 1021 3271 cognoscite3
1052 3209 1129 3252 nam

118 3275 303 3360 principum
326 3275 506 3340 sententiae
529 3274 686 3360 perscribi
709 3275 824 3340 solent.
865 3274 987 3340 Recita.
1026 3275 1128 3351 QUOD

75 3380 235 3428 caveam
268 3380 384 3428 ruera
417 3381 507 3430 suun
540 3381 588 3428 nn
621 3360 700 3428 Sax.
726 3361 928 3429 Pnnucnno.
977 3363 1001 3446 †
1032 3362 1129 3448 Dicit,

118 3453 176 3538 qui
202 3452 301 3536 primi
324 3453 493 3518 suaserint.
535 3451 738 3517 Decernitur.
778 3450 929 3516 Refertur
953 3451 1065 3517 deinde
1090 3451 1128 3517 dc

117 3539 230 3605 Verre.
270 3540 340 3626 Dic,
363 3562 494 3626 quaeso,
518 3561 581 3623 quo
601 3540 719 3606 modo?
752 3539 853 3618 Quor>
875 3557 990 3606 vncos
1013 3558 1130 3610 rauna
