2590 3884
195 180 258 245 106
435 177 475 232 IN
493 177 524 244 Q.
544 177 740 234 CAECILIUM
757 177 958 235 DIVINATIO.

192 323 400 409 pollicebere,
438 321 493 406 qui
524 325 557 386 te
588 343 692 408 neque
723 324 811 389 velle
843 346 902 390 sua
934 344 1032 390 cauae
1067 344 1142 408 nee,
1177 323 1206 388 si

193 411 314 497 cupias,
335 432 432 496 posse
455 410 678 477 arbitrantur?
716 409 781 477 (lur
805 433 917 478 eorum
941 434 1033 498 spem
1054 411 1205 498 exiguam

193 501 391 583 reliquarum
418 498 637 583 fortunarum,
670 522 768 585 quam
793 499 918 565 hebent
944 500 980 564 in
1006 501 1091 587 legis
1116 503 1150 565 et
1170 501 1205 564 in

193 587 302 652 iudicii
330 587 502 654 severitate
524 588 681 672 positam,
704 588 737 653 vi
760 592 951 674 extorquere
974 589 1126 654 conaris?
1149 610 1205 654 cur

193 679 226 741 te
243 675 424 760 interponis
446 675 651 741 invitissimis
673 675 729 760 iis,
753 676 870 761 quibus
893 676 1034 742 maxime
1056 677 1110 741 lex
1132 693 1230 742 con-⁵

194 765 316 832 sultum
346 785 416 830 esse
444 765 537 830 vult?
570 785 639 848 cur,
671 764 855 849 dequibus
882 765 917 830 in
943 764 1114 850 provincia
1139 786 1205 829 non

194 853 316 940 optime
344 874 378 918 es
406 852 555 936 meritus,
583 874 638 919 eoa
660 874 747 919 nunc
768 853 866 938 plane
887 852 1030 918 fortunis
1053 852 1204 918 omnibus

194 941 321 1009 coneris
345 941 510 1008 evertere?
538 940 657 1007 curiis
679 963 747 1006 non
769 941 865 1008 modo
888 941 1103 1026 persequendi
1124 941 1204 1006 iuris

194 1032 257 1116 sui,
290 1030 346 1096 sed
376 1031 475 1095 etiam
503 1029 719 1114 deplorandae
747 1029 945 1095 calamitatis
976 1029 1093 1094 adimis
1116 1032 1205 1115 pote-

142 1119 335 1187 aestatem?
394 1116 480 1183 Nam
521 1120 554 1182 te
590 1121 700 1184 actore
736 1138 832 1202 quem
868 1139 980 1184 eorum
1017 1117 1204 1184 adfuturum
1218 1135 1242 1174 1⁰

193 1213 304 1294 putas,
327 1227 408 1291 quos
431 1204 610 1292 intellegis,
637 1227 704 1272 non
730 1209 768 1271 ut
794 1227 853 1292 per
879 1209 913 1272 te
940 1205 1056 1292 alium,
1086 1206 1143 1272 sed
1169 1208 1206 1271 ut

194 1319 252 1382 per
275 1294 376 1360 alium
399 1293 542 1378 aliquem
563 1297 598 1360 te
619 1294 727 1380 ipsum
750 1294 957 1378 ulciscantur,
981 1294 1155 1360 laborare?

155 1374 174 1438 7
259 1384 308 1449 At
334 1381 420 1448 enim
447 1382 553 1448 solum
583 1382 617 1447 id
639 1385 703 1467 est,
731 1387 769 1448 ut
790 1403 842 1448 me
865 1380 966 1448 Siculi
988 1383 1130 1448 maxime
1152 1403 1205 1447 ve-

193 1472 269 1558 lint3
293 1471 433 1537 alterum
450 1470 542 1554 illud,
565 1471 670 1552 credo,
689 1471 862 1537 obscurum
881 1473 940 1556 est,
964 1493 985 1536 a
1003 1492 1068 1556 quo
1087 1470 1206 1535 Verres

193 1559 326 1626 minime
349 1579 384 1624 se
407 1557 552 1624 accusari
570 1559 658 1625 velit.
693 1558 814 1644 Ecquis
833 1580 988 1643 umquam
1006 1563 1078 1626 tam
1096 1559 1206 1644 palam
1218 1575 1242 1616 ιι

193 1650 231 1715 de
258 1649 395 1732 honore,
422 1650 492 1712 tam
519 1646 727 1712 vehementer
755 1647 794 1713 de
821 1647 928 1713 salute
957 1669 1017 1713 sua
1039 1646 1207 1714 contendit

194 1760 292 1822 quam
321 1736 378 1801 ille
411 1738 510 1820 atque
541 1735 630 1801 illius
660 1735 768 1819 amici,
800 1757 841 1802 ne
868 1734 948 1802 haec
975 1735 1057 1801 mihi
1086 1735 1205 1801 delatio

194 1826 308 1892 detur?
355 1821 437 1889 Sunt
459 1824 573 1907 multa,
596 1845 678 1907 quae
701 1821 820 1888 Verres
841 1821 877 1888 in
899 1845 951 1888 me
975 1845 1046 1890 esse
1069 1824 1206 1889 arbitra·

193 1919 255 1998 tur,
281 1934 363 1998 quae
387 1911 449 1977 seit
470 1911 505 1976 in
527 1915 574 1993 te,
598 1911 633 1986 Q.
658 1910 790 1995 Caecili,
812 1932 879 1977 non
901 1933 985 1994 esse3
1009 1932 1094 1996 quae
1117 1912 1205 1977 cuius

192 2002 280 2068 modi
302 2002 337 2065 in
359 2004 497 2084 utroque
518 2003 668 2064 nostrum
690 1999 765 2084 sint,
791 1999 891 2084 paulo
913 2002 990 2085 post
1013 2017 1240 2066 commemoro

140 2103 173 2152 23
192 2091 287 2174 rabo3
317 2110 402 2153 nunc
428 2091 557 2153 tautum
585 2087 619 2152 id
646 2087 764 2172 dicam,
796 2087 884 2172 quod
910 2087 1031 2153 tacitus
1059 2092 1098 2153 tu
1126 2087 1206 2153 mihi

193 2177 379 2261 assentiare,
396 2177 522 2240 nullam
535 2195 604 2240 rem
617 2174 653 2239 in
665 2197 717 2240 me
732 2196 812 2261 ease,
825 2197 923 2260 quam
937 2177 993 2241 ille
1007 2180 1206 2259 contemnat,

191 2267 316 2331 nullam
339 2265 439 2348 inte,
462 2285 560 2348 quam
582 2263 800 2348 pertimescet.
844 2263 960 2349 Itaque
984 2286 1124 2351 magnus
1149 2265 1206 2329 ille

193 2353 341 2418 defensor
361 2356 393 2418 et
412 2352 534 2418 amicus
556 2352 624 2417 eius
644 2351 706 2417 tibi
725 2352 932 2438 suffragatur,
955 2375 1007 2418 me
1026 2355 1206 2440 oppugnat,

193 2444 304 2526 aperte
319 2441 360 2505 ab
379 2440 538 2506 iudicibus
556 2439 649 2525 petit,
667 2443 705 2504 ut
722 2443 759 2505 tu
778 2439 860 2505 mihi
878 2443 1087 2526 anteponere,
1107 2445 1141 2506 et
1160 2441 1205 2505 ait
1217 2465 1239 2506 ιι

191 2529 254 2595 hoc
281 2550 316 2594 ae
342 2527 479 2594 honeste
505 2528 574 2594 sine
600 2529 669 2593 ulla
696 2528 820 2593 invidia
847 2551 884 2594 ae
911 2528 980 2593 sine
1007 2528 1076 2594 ulle
1108 2529 1205 2594 offen·

193 2617 282 2684 sione
297 2616 498 2683 contendere.
536 2615 623 2681 ‘Non
637 2615 743 2700 enim',
766 2616 882 2702 inquit,
901 2616 994 2681 ‘illud
1012 2620 1100 2702 peto,
1120 2616 1206 2702 quod

193 2706 296 2790 soleo,
319 2727 392 2770 cum
415 2705 637 2771 vehementius
660 2704 825 2789 contendi,
852 2704 1042 2790 impetrare3
1069 2725 1146 2770 reus
1168 2708 1204 2770 nt
1271 2739 1272 2792 ι

193 2795 391 2877 absolvatur,
412 2815 480 2858 non
501 2797 592 2878 peto,
619 2791 675 2858 sed
697 2796 734 2858 ut
756 2793 866 2878 potius
890 2793 931 2857 ab
954 2792 1139 2877 hecquem
1163 2793 1203 2859 ab

190 2884 249 2949 illo
273 2885 450 2965 accusetur,
472 2881 505 2945 id
527 2884 613 2965 peto.
658 2880 710 2945 Da
733 2879 814 2945 mihi
835 2877 911 2964 hoc,
939 2881 1090 2966 concede,
1119 2881 1237 2966 quoda
1271 2877 1272 2888 *

190 2971 286 3037 facile
305 2974 364 3050 est,
387 2969 473 3055 quod
491 2969 673 3053 honestum,
697 2968 783 3054 quod
800 2990 866 3033 non
883 2968 1095 3054 invidiosum,
1119 2969 1202 3056 quod

22 2997 23 3084 i
192 3082 265 3125 cum
289 3058 423 3142 dederis,
447 3057 516 3122 sine
539 3057 608 3122 ullo
627 3061 684 3122 tuo
702 3057 856 3142 periculo,
880 3056 949 3122 aine
966 3057 1105 3123 infamia
1122 3058 1202 3123 illud

22 3089 25 3204 i
192 3147 330 3231 dederis,
361 3150 398 3211 ut
430 3146 459 3210 is
493 3145 695 3229 absolvatur,
727 3144 817 3211 cuius
850 3166 910 3231 ego
942 3166 1040 3211 causa
1067 3145 1200 3213 laboro?

141 3257 174 3305 24
194 3233 238 3300 Et
257 3235 304 3300 ait
321 3234 416 3318 idem,
434 3236 472 3297 ut
490 3233 609 3317 aliquis
627 3237 733 3298 metus
753 3233 921 3299 adiunctus
937 3233 980 3298 sit
994 3234 1037 3298 ad
1051 3236 1201 3321 gratiam,

192 3325 298 3386 certos
321 3341 391 3385 esse
413 3321 449 3385 in
471 3321 619 3404 consilio,
647 3321 763 3405 quibus
787 3321 914 3386 ostendi
941 3322 1083 3388 tabellas
1113 3323 1233 3407 velit3cs

192 3408 225 3470 id
248 3428 319 3472 esse
341 3407 508 3491 perfacile3
537 3429 603 3474 non
627 3408 712 3473 enim
735 3408 882 3493 singulos
904 3409 990 3474 ferre
1013 3411 1200 3496 sententias,

192 3492 248 3556 sed
270 3493 437 3559 universos
461 3495 669 3580 constituam
688 3500 830 3562 ceratam
845 3496 901 3561 uni
914 3497 1030 3582 cuique
1043 3498 1199 3565 tabellam
1271 3549 1272 3552 η
