2622 3884
168 222 233 286 486
466 219 506 273 IN
525 219 553 274 Ο.
568 218 723 275 VERREM
742 218 821 274 AOT.
840 218 875 273 II.

168 365 363 451 produxero,
391 363 446 446 qui
473 384 548 428 suos
575 362 711 429 libertos
736 363 794 427 abs
818 366 852 427 te
875 363 979 429 securi
1001 385 1176 447 percussos

169 475 239 519 esse
258 453 352 534 dicat,
375 451 431 535 qui
449 450 508 516 abs
526 453 559 514 te
576 473 694 517 navem
712 473 804 516 suam
828 472 1013 535 mercesque
1037 457 1176 536 repetat,

168 541 319 624 refellite,
338 539 366 604 si
379 539 515 624 poteris3
534 561 641 604 meum
655 542 774 604 testem
792 539 948 622 deseram,
965 539 1028 604 tibi
1046 540 1176 626 faveb0,

136 634 214 711 0te,
245 628 391 711 inquam,
424 627 596 711 adiuvab03
629 627 791 692 ostendito
821 627 897 692 illos
925 649 998 692 cum
1026 625 1174 693 Sertorio

167 717 280 801 fuisse,
308 717 349 781 ab
374 714 493 780 Dianio
521 715 675 802 fugientis
703 703 744 780 ad
767 713 910 780 Siciliam
938 735 1009 779 esse
1037 715 1201 781 delatoss

167 804 260 870 Nihil
295 807 357 888 est,
394 803 479 888 quod
510 807 544 867 te
576 803 708 868 mallem
739 803 891 888 probare;
926 803 1054 868 nullum
1086 804 1175 869 enim

167 893 306 977 facinus,
339 892 425 977 quod
451 891 574 956 maiore
601 890 760 976 supplicio
789 891 922 977 dignum
950 891 1007 975 sit,
1036 891 1175 976 reperiri

118 996 168 1046 155
185 1002 289 1065 neque
307 979 447 1064 proferri
464 982 581 1062 potest.
621 979 786 1044 Reducem
807 979 926 1046 iterum
949 978 1092 1063 equitem
1110 980 1176 1045 Ro-

168 1091 309 1150 manum,
331 1067 366 1133 L.
384 1067 543 1151 Flavium,
566 1067 594 1132 si
611 1067 711 1152 voles,
735 1067 887 1151 qnoniam
906 1066 1013 1152 priore
1036 1068 1175 1153 actione,

168 1161 206 1223 ut
231 1157 362 1242 patroni
388 1156 438 1221 tui
465 1155 629 1239 dictitant,
655 1177 742 1220 nova
769 1155 909 1240 quadam
934 1155 1109 1240 sapientie,
1136 1161 1175 1222 ut
1189 1175 1213 1213 1⁰

169 1267 281 1310 omnes
307 1245 517 1330 intellegcmt,
544 1243 741 1309 conscientia
767 1248 825 1308 tua
852 1247 950 1327 atque
978 1245 1174 1310 auctoritate

169 1355 314 1398 meorum
345 1332 478 1396 testium
507 1335 626 1396 testem
651 1332 778 1396 nullum
805 1331 1026 1417 interrogasti.
1071 1331 1175 1399 Inter·

168 1425 303 1506 rogetur
320 1419 462 1501 Flavius,
486 1419 514 1483 si
536 1420 636 1504 voles,
659 1421 791 1504 quinem
813 1419 913 1484 fuerit
930 1419 966 1484 L.
980 1419 1174 1505 Herennius,

168 1508 196 1572 is
217 1529 312 1591 quem
332 1507 389 1571 ille
413 1507 632 1593 argentariam
650 1507 747 1593 Lepti
768 1507 883 1572 fecisse
907 1506 997 1592 dicit3
1020 1509 1076 1592 qui
1099 1531 1174 1574 cum

169 1595 309 1680 amplius
336 1599 465 1661 centum
492 1596 572 1660 civis
593 1595 758 1662 Romanos
785 1595 921 1673 haberet
949 1617 987 1659 ex
1012 1601 1174 1662 conventu
1189 1615 1213 1654 1⁵

168 1682 386 1768 Syracusano,
419 1683 474 1767 qui
506 1706 580 1747 eum
610 1705 677 1748 non
704 1684 810 1748 solum
838 1688 1083 1768 cognoscerent,
1116 1685 1174 1750 sed

169 1773 268 1838 etiam
281 1772 489 1838 lacrimantes
504 1793 541 1835 ac
555 1775 590 1835 te
606 1771 809 1855 inplorantes
828 1771 1043 1855 defenderent,
1061 1774 1174 1837 tamen

167 1860 425 1946 inspectantibus
456 1859 605 1924 omnibus
632 1856 842 1941 Syracusanis
871 1859 975 1923 securi
1000 1880 1172 1943 percussus

169 1953 228 2013 est.
279 1947 376 2012 Hunc
412 1968 538 2030 quoque
574 1950 691 2010 testem
727 1968 835 2011 meum
870 1945 976 2010 refelli
1013 1951 1046 2011 et
1076 1948 1171 2014 illum

168 2035 368 2101 Herennium
391 2033 612 2100 Sertorianum
637 2034 739 2098 fuisse
762 2034 820 2098 abs
843 2037 877 2099 te
900 2034 1116 2100 demonstrari
1139 2041 1173 2102 et
1188 2053 1214 2093 2⁰

116 2123 454 2287 60pmlddidvdeloilla
471 2209 678 2274 multitudine
701 2209 842 2274 dicemus
866 2231 986 2293 eorum,
1010 2211 1065 2294 qui
1087 2213 1173 2295 capi·

118 2261 257 2364 156tibus
282 2299 438 2364 involutis
460 2297 495 2362 in
517 2299 696 2382 piratarum
719 2297 920 2382 captivorum
942 2320 1075 2363 numero
1099 2321 1173 2382 pro·

169 2387 379 2468 ducebantur,
414 2390 452 2451 ut
487 2386 591 2451 securi
621 2384 816 2450 ferirentur?
871 2383 960 2460 Quae
991 2386 1056 2451 ista
1086 2409 1173 2453 nova
1294 2403 1295 2439 ³

169 2473 348 2560 diligentia,
371 2495 468 2557 quam
487 2474 528 2538 ob
552 2495 682 2538 causam
706 2473 764 2538 abs
787 2476 820 2537 te
844 2474 1050 2559 excogitata?
1073 2497 1115 2538 an
1138 2480 1171 2540 te
1187 2494 1214 2534 2⁵

167 2562 203 2627 L.
217 2560 311 2626 Flavi
329 2563 571 2645 ceterorumque
591 2562 630 2626 de
647 2559 683 2625 L.
696 2560 860 2626 Herennio
879 2561 1068 2626 vociferatio
1087 2584 1171 2628 com·

168 2650 343 2717 movebat?
371 2670 413 2714 an
435 2649 477 2714 M.
496 2649 596 2733 Anni,
620 2649 805 2735 gravissimi
829 2651 925 2733 atque
948 2649 1171 2715 honestissimi
1293 2655 1294 2700 l

167 2739 242 2823 viri,
274 2760 401 2803 summa
432 2738 609 2803 auotoritas
636 2738 734 2822 paulo
762 2737 1002 2823 diligentiorem
1028 2737 1171 2803 timidio-

166 2849 299 2911 remque
330 2824 473 2891 fecerat?
506 2826 562 2909 qui
592 2847 695 2909 nuper
724 2847 783 2910 pro
811 2825 999 2890 testimonio
1025 2847 1092 2892 non
1118 2827 1171 2891 ad·

166 2937 283 2980 venam
305 2915 413 2979 nescio
438 2934 534 2998 quem
555 2934 614 2978 nec
637 2913 787 2997 alienum,
811 2914 867 2978 sed
890 2935 963 2978 eum
986 2913 1088 2978 civem
1108 2914 1171 2979 Ro·
1186 2933 1214 2974 eo
1292 2943 1293 2946 ¹

167 3024 313 3085 menum,
349 3002 405 3085 qui
439 3001 588 3067 omnibus
619 3001 655 3065 in
685 3001 744 3066 illo
777 3005 938 3066 conventu
967 3005 1079 3086 notus,
1115 3001 1172 3085 qui

167 3088 333 3172 Syracusis
361 3092 458 3153 natus
486 3093 585 3172 esset,
613 3090 671 3154 abs
699 3094 732 3154 te
760 3090 864 3154 securi
889 3111 1078 3172 percussum
1101 3111 1171 3154 esse

116 3189 165 3239 157
185 3178 274 3243 dixit.
318 3176 400 3241 Post
425 3176 509 3242 hanc
531 3177 663 3242 illorum
685 3177 963 3262 vociferationem,
989 3177 1171 3263 posthanc

166 3285 369 3329 communem
393 3264 514 3328 famam
538 3268 635 3347 atque
659 3265 893 3349 querimoniam
915 3287 982 3330 non
1004 3265 1115 3330 mitior
1136 3266 1172 3330 in

166 3351 651 3503 succussatura
678 3353 1212 3524 rzzzr⁰ru..⁰.u³uuut³⁵
1290 3463 1291 3472 ψ

167 3540 247 3600 quos
270 3527 381 3586 tamen
403 3523 522 3587 idcirco
544 3526 683 3589 necabat
705 3527 830 3610 palam,
858 3528 944 3611 quod
966 3527 1115 3594 homines
1138 3491 1172 3593 ni
