2576 3882
182 187 248 254 294
481 184 521 238 IN
540 183 569 240 (l.
583 183 739 240 VERREM
756 183 836 240 Aer.
856 187 890 240 ΙΙ.

183 335 211 400 si
223 334 287 398 hoc
299 329 460 396 mediocre
477 334 705 416 argumentum
723 330 826 395 videri
843 333 962 415 potest,
980 330 1081 394 istum
1100 329 1192 395 decu·

181 442 352 486 manorum
370 418 500 484 nomine
519 419 560 483 ad
579 440 655 484 suos
674 423 789 503 quaest
790 441 828 486 us
848 439 918 484 csse
942 419 1087 484 abusum.
1125 418 1192 482 Ad-

183 510 310 575 ducitur
328 505 510 573 aVeneriis
529 510 626 591 atque
646 508 724 572 adeo
748 507 932 572 adtrahitur
949 506 1084 589 Lollius,
1107 529 1193 572 com·

182 598 314 664 modum
326 619 399 662 cum
406 595 571 681 Apronius
587 617 603 660 e
616 596 783 680 palaestra
795 595 933 660 redisset
945 595 1000 659 et
990 617 1024 659 ιιι
1038 557 1193 678 triclinio,

182 686 296 770 quod
287 707 322 750 ιιι
342 684 416 751 ιοιο
434 683 560 750 Aetnae
584 687 756 766 straverat,
779 684 987 749 recubuisset.
1028 680 1215 748 Statuiturs

130 790 164 840 oa
182 774 336 841 Lollius
326 795 361 838 ιιι
379 773 437 838 illo
460 771 655 858 tempestivo
680 734 900 858 gladiatorum
923 772 1080 837 convivio.
1117 770 1194 837 Non

183 863 344 930 mehercle
362 862 451 945 haec,
469 883 551 945 quae
570 861 695 944 loquor,
714 860 886 944 crederem,
906 860 1036 943 iudices,
1058 861 1194 925 tametsi

183 953 281 1038 volgo
314 950 493 1032 audieram,
524 949 588 1013 nisi
620 970 745 1013 mecum
771 949 842 1034 ipse
869 969 979 1032 senex,
1010 971 1084 1013 cum
1113 948 1195 1014 mihi

183 1045 281 1124 atque
299 1039 375 1104 huic
393 1037 557 1104 voluntati
575 1036 789 1102 accusationis
808 1057 898 1102 meae
917 1037 1101 1102 lacrumans
1123 1058 1195 1122 gra·

182 1130 247 1194 tias
284 1131 410 1213 ageret,
447 1147 573 1190 summa
604 1147 678 1189 cum
710 1125 906 1192 auctoritate
938 1129 1023 1190 esset
1055 1126 1195 1190 locutus.
1209 1147 1229 1184 ιι

183 1215 221 1281 St
207 1216 356 1298 tatuitur,
373 1218 411 1278 ut
430 1213 510 1297 dico,
531 1235 628 1297 equas
646 1213 812 1278 Romanus
832 1235 934 1278 annos
951 1235 1054 1298 prope
1072 1231 1196 1278 Lxxxx

182 1309 280 1370 natus
298 1304 333 1366 in
347 1301 473 1386 Aproni
491 1302 649 1384 convivio,
671 1323 745 1366 cum
767 1301 892 1366 interea
905 1300 1071 1386 Apronius
1095 1307 1196 1387 caput

184 1397 281 1476 atquc
314 1412 350 1456 os
388 1410 482 1454 suum
518 1393 684 1475 unguento
722 1388 923 1454 confricaret.
973 1387 1084 1464 ‘Quid
1121 1395 1195 1474 est,

183 1478 321 1546 Lollil'
349 1478 468 1562 inquit3
503 1477 560 1542 ‘tu
590 1477 667 1542 nisi
694 1478 795 1542 malo
823 1481 979 1543 coactus
1006 1481 1113 1543 recte
1140 1478 1196 1542 fa·
1272 1497 1273 1548 ζ

183 1588 268 1634 cere
294 1565 457 1631 nescisl'
503 1565 623 1649 Homo,
655 1566 732 1650 quid
760 1570 885 1652 ageret,
912 1570 1036 1631 taceret
1062 1585 1229 1650 respon-1⁵
1272 1591 1273 1598 “

184 1657 287 1738 derat,
315 1655 392 1739 quid
419 1653 540 1719 facerat
526 1653 703 1738 tdcnique
727 1653 787 1719 illa
810 1657 917 1719 aetate
941 1658 975 1718 at
996 1655 1195 1720 auctoritate

182 1744 362 1829 praeditus,
388 1743 562 1843 nesciebat.
602 1741 767 1826 Apronius
794 1741 919 1807 interea
942 1763 1054 1807 cenam
1078 1765 1117 1808 ac
1140 1765 1195 1827 po
1272 1777 1273 1792 ι

183 1834 257 1898 cula
275 1831 444 1916 poscebat,
467 1829 553 1895 servi
571 1834 681 1894 autem
698 1829 776 1914 cius,
800 1830 856 1914 qui
874 1833 908 1894 ct
926 1831 1072 1896 moribus
1090 1831 1195 1896 isdem

184 1925 292 1986 essent
316 1918 432 2004 quibus
457 1918 605 1983 dominus
628 1922 662 1982 et
684 1917 796 1983 codem
820 1939 936 2004 genere
960 1940 998 1984 ac
1019 1919 1092 1984 loco
1116 1920 1195 2004 nati,

183 2013 314 2095 praeter
332 2008 442 2072 oculos
460 2006 548 2072 Lolli
565 2007 646 2072 haec
663 2007 773 2071 omnia
790 2006 947 2071 ferebant.
983 2005 1100 2072 Ridere
1122 2029 1195 2073 con·
1207 2026 1229 2066 ιι

183 2098 287 2180 vivae,
312 2095 534 2196 cachinnare
524 2117 594 2179 rpse
608 2094 782 2180 Apronius,
804 2094 868 2158 nisi
889 2094 976 2160 forte
999 2096 1195 2162 existimatis

185 2207 259 2249 eum
285 2184 321 2247 in
347 2182 423 2247 vino
451 2187 549 2266 atque
577 2183 691 2248 lustris
718 2204 785 2247 non
811 2182 935 2266 risisse,
966 2183 1021 2266 qui
1048 2205 1135 2249 nunc
1162 2184 1196 2249 in

184 2272 329 2357 periculo
349 2274 384 2334 at
385 2292 447 2354 que
466 2272 564 2336 exitio
584 2293 642 2336 suo
661 2271 763 2335 risum
781 2275 892 2336 tenere
909 2293 976 2336 non
992 2272 1108 2354 possit
1146 2271 1195 2337 Ne

186 2360 303 2442 multa,
334 2358 470 2443 iudices3
501 2359 576 2425 istis
608 2359 812 2425 contumeliis
845 2359 962 2425 scitote
989 2357 1026 2434 Q.
1051 2359 1195 2426 Lollium

131 2462 166 2512 os
185 2451 333 2514 coactum
345 2446 386 2512 ad
393 2445 520 2532 Aproni
531 2449 620 2533 leges
633 2447 899 2531 condicionesque
910 2447 1045 2513 venisse.
1067 2447 1196 2514 Lollius
1209 2466 1230 2506 ιι
1271 2505 1272 2530 ζ

185 2539 292 2601 aetate
320 2538 353 2600 ct
380 2537 494 2601 morbo
517 2536 692 2618 impeditus
715 2536 757 2600 ad
778 2536 1002 2601 testimonium
1025 2536 1196 2602 dicendum

185 2625 294 2690 venire
312 2646 378 2689 non
396 2624 513 2707 potuit.
550 2623 634 2699 Quid
657 2645 738 2725 opus
762 2627 812 2688 est
833 2623 963 2689 Lollio?
1003 2623 1109 2690 Nemo
1134 2627 1197 2692 hoc
1271 2609 1272 2704 l

184 2713 302 2796 nescit,
333 2732 428 2776 nemo
460 2715 591 2777 tuorum
624 2713 814 2796 amicorum,
845 2734 941 2778 nemo
973 2713 1032 2778 abs
1061 2717 1096 2778 te
1122 2737 1196 2800 pro-

186 2802 314 2883 ductus,
344 2821 439 2864 nemo
473 2800 596 2864 abste
563 2801 849 2885 teinterrogatus
879 2823 964 2866 nunc
990 2823 1025 2866 se
1052 2801 1195 2885 primum

185 2890 308 2954 diceret
331 2887 450 2952 audire
490 2887 533 2951 Μ.
550 2886 687 2971 Lollius,
709 2888 777 2953 eius
800 2889 896 2972 filius,
923 2889 1111 2955 adulescens
1135 2891 1195 2956 lec·
1208 2907 1228 2946 ιι

185 2977 346 3059 tissimus,
373 2978 504 3060 praesto
528 2979 591 3060 est3
618 2977 714 3042 huius
737 2978 838 3042 verba
861 2977 1007 3043 audictis.
1048 2977 1136 3044 Nam
1160 2977 1195 3053 Q.

185 3064 325 3148 Lollius,
352 3064 495 3128 eiusdem
521 3065 622 3149 filius,
650 3065 706 3149 qui
729 3063 891 3130 Calidium
914 3066 1091 3149 accusavit,
1119 3067 1196 3131 adu-

185 3155 310 3218 lescens
334 3155 367 3215 et
390 3152 494 3216 bonus
517 3156 550 3216 at
572 3152 668 3218 fortis
691 3153 781 3218 etin
803 3153 917 3239 primis
941 3154 1096 3239 disertus,
1123 3177 1195 3220 cum

185 3240 238 3302 his
257 3239 462 3304 contumeliis
480 3239 670 3325 iniuriisque
688 3245 869 3306 commotus
888 3242 924 3306 in
942 3241 1088 3308 Siciliam
1111 3246 1195 3308 esset

186 3326 392 3409 profecturas
382 3347 417 3390 m
435 3327 462 3390 it
463 3326 550 3390 inere
569 3329 692 3392 occisus
712 3332 769 3394 est.
807 3327 906 3394 Cuius
924 3331 1041 3396 mortis
1064 3344 1226 3396 causamn
1270 3327 1271 3334 '

186 3410 319 3493 fugitivi
351 3413 525 3496 sustinent,
557 3435 592 3478 re
625 3415 754 3498 quidem
786 3439 864 3482 vera
896 3439 991 3483 nemo
1023 3419 1059 3482 in
1086 3417 1195 3484 Sicilia

188 3496 316 3560 dubitat
342 3498 421 3579 quin
446 3520 484 3563 eo
513 3501 557 3563 sit
585 3501 721 3586 occisus,
745 3504 831 3586 quod
853 3505 974 3571 habere
998 3507 1111 3572 clausa
1132 3529 1196 3574 non
