2576 3882
327 190 394 245 ΜΒ.
414 191 440 244 Π
468 191 543 248 cnP.
559 198 665 247 «ιι-43
684 199 698 259 s
718 199 865 248 ror-roa.
970 163 978 180 ⁹
1038 193 1101 257 237

94 337 258 422 docerent,
276 336 316 401 de
330 333 445 400 Stheni
460 335 647 401 calamitate
662 340 793 420 questos
810 358 890 422 esse,
907 341 1103 423 propterque

92 426 179 490 hanc
196 423 358 508 iniuriam,
383 445 465 508 quse
485 422 619 489 Sthenio
638 424 726 490 facte
744 428 838 510 esset,
861 447 917 491 eos
941 425 1104 509 statuisse,

93 517 132 578 ut
146 513 217 597 hoc,
236 513 322 598 quod
341 512 421 597 dico,
438 513 669 597 postularetur.
701 511 789 588 Quae
808 536 881 578 cum
898 514 947 579 ita
967 519 1085 597 essent,
1105 528 1155 576 104

94 605 230 667 tsntcne
254 601 396 666 amentia
417 601 583 687 praeditus
607 604 705 684 atque
728 603 863 667 eudocia
884 601 986 687 fuisti,
1008 606 1046 668 ut
1068 603 1103 667 in

64 709 130 756 cre
157 694 227 755 tem
255 690 358 773 clara,
385 693 455 754 tam
483 692 617 774 testata,
644 692 714 754 tam
741 690 800 755 abs
823 694 856 755 te
878 689 951 774 ipso
973 691 1102 775 pervul-

95 782 175 864 gata
192 779 324 843 tabulas
342 778 491 862 publicas
514 799 719 862 corrumpere
743 778 899 843 auderes?
935 777 983 844 At
1005 800 1101 864 quem

94 867 137 931 ad
164 867 297 932 modum
324 865 520 951 corrupisti?
552 888 659 930 nonne
686 867 747 950 ita,
774 871 812 931 ut
834 867 984 932 omnibus
1006 868 1101 932 nobis

93 955 279 1020 tacentibus
298 955 388 1038 ipsae
406 959 482 1018 tuae
500 957 533 1019 te
555 955 687 1020 tabulae
710 955 923 1020 condemnere
945 957 1101 1040 possent?

95 1042 197 1127 Oedo,
215 1064 348 1127 quaeso,
372 1042 526 1125 codicem,
550 1042 733 1127 circumfer,
757 1043 897 1108 ostende.
933 1042 1102 1108 Videtisne

51 1152 79 1191 ιο
94 1133 158 1196 hoc
184 1135 289 1196 totum
316 1152 448 1213 nomen,
475 1152 585 1196 eoram
609 1131 668 1196 ubi
688 1131 769 1197 facit
791 1131 947 1216 delatum,
975 1153 1045 1196 esse
1067 1132 1103 1196 in

95 1219 218 1284 litura?
253 1217 337 1294 Quid
354 1219 418 1282 fuit
435 1219 510 1284 istic
529 1223 626 1284 antec
643 1220 821 1303 scriptum?
845 1219 933 1304 quod
950 1220 1101 1285 mendum

94 1309 161 1372 ista
180 1307 280 1372 litura
298 1307 459 1373 correxit?
496 1306 580 1383 Quid
603 1308 748 1391 anobis,
770 1307 901 1392 iudices,
924 1309 1101 1393 expectatis

94 1399 288 1482 argumenta
320 1395 416 1460 huius
448 1395 615 1461 criminis?
665 1395 758 1460 Nihil
788 1397 937 1480 dicimus,
969 1396 1101 1461 tabulae

95 1489 172 1550 sunt
189 1484 226 1548 in
242 1484 358 1568 medio,
381 1505 463 1567 quae
483 1505 517 1548 se
536 1489 704 1569 corruptas
724 1488 821 1568 atque
843 1485 1007 1550 interlitas
1031 1507 1101 1550 esse
1219 1485 1222 1490 ’

52 1591 80 1631 1⁵
95 1574 249 1637 clamant.
293 1571 345 1636 Ex
370 1572 422 1636 his
453 1572 553 1637 etiam
579 1578 617 1637 tu
644 1572 740 1637 rebus
769 1573 910 1659 effugere
932 1577 965 1638 te
988 1595 1084 1658 posse
1103 1587 1154 1636 105

94 1660 238 1744 confidis,
262 1683 335 1726 cum
352 1664 385 1725 te
407 1682 467 1725 nos
489 1682 556 1725 non
579 1661 729 1744 opinione
753 1661 859 1744 dubis,
882 1661 939 1726 sed
960 1662 1027 1724 tuis
1049 1682 1101 1727 ve-

95 1748 203 1835 stigiis
230 1770 474 1832 persequamur,
501 1770 583 1832 quae
610 1752 648 1813 tu
673 1749 710 1812 in
735 1749 858 1814 tabulis
885 1749 1024 1834 publicis
1051 1770 1101 1813 ex·

93 1859 208 1922 pressa
226 1859 264 1902 ao
282 1837 423 1902 recentia
440 1836 624 1921 reliquisti?
658 1837 691 1902 Is
711 1837 792 1901 mihi
810 1837 909 1902 etiam
929 1835 1101 1902 Sthenium

94 1926 224 1990 litteras
251 1925 398 2010 publicas
423 1925 606 2008 corrupisse
628 1946 726 1990 causa
747 1925 915 2010 incognite
936 1924 1101 2008 iudicarit,

52 2033 81 2072 so
96 2013 152 2097 qui
181 2012 349 2078 defendere
379 2035 447 2078 non
476 2013 599 2097 poterit
631 2035 665 2078 se
696 2034 762 2078 non
792 2012 957 2098 tuipsius
986 2010 1101 2078 Stheni

94 2102 225 2167 nomine
248 2102 376 2166 litteres
399 2102 547 2186 publicas
571 2101 774 2185 corrupisse?

159 2188 277 2255 Videte
295 2211 392 2277 porro
412 2190 512 2255 aliem
533 2190 717 2274 amentiam,
736 2189 852 2273 videte,
870 2193 915 2273 ut,
935 2189 1010 2254 dum
1029 2211 1082 2254 ex·
1103 2169 1153 2296 35}

93 2277 203 2364 pedire
220 2299 290 2343 sese
301 2278 382 2362 vult,
395 2278 517 2343 indust.
541 2276 752 2364 Cognitorem
768 2277 903 2378 ascribit
912 2275 1047 2344 Sthenio
1060 2314 1098 2324 -

51 2473 80 2512 2⁵
94 2366 693 2539 stilisttltlttlsstttttt
704 2364 1101 2520 illlitltmdudl?

94 2542 145 2608 Ne
171 2543 206 2607 id
223 2543 366 2626 quidem.
407 2543 454 2607 At
477 2541 633 2626 Siculum,
660 2542 695 2607 in
718 2564 782 2626 quo
806 2542 924 2626 aliquis
949 2543 1101 2627 splendor

94 2631 301 2717 dignitasque
333 2631 442 2696 esset?
491 2630 670 2697 Neminem.
726 2629 810 2706 Quid
842 2631 943 2717 ergo?
989 2629 1101 2696 Civem

94 2719 300 2784 Romanum*
323 2719 383 2784 Oui
401 2719 463 2785 hoo
481 2720 615 2803 probari
632 2721 764 2804 potest?
801 2717 883 2784 (lum
903 2722 990 2784 esset
1009 2716 1101 2783 Sthe-

92 2808 167 2872 nius
181 2807 323 2873 civitstis
339 2829 416 2872 suae
428 2808 661 2892 nobilissimus,
680 2808 884 2893 amplissime
897 2807 1100 2894 cognatione,
1173 2813 1175 2817 ’

51 2913 80 2952 ⁸0
94 2895 244 2980 plurimis
268 2895 429 2979 amicitiis,
452 2918 524 2961 cum
547 2901 713 2980 praeterea
736 2901 807 2961 tota
826 2893 937 2960 Sicilie
959 2895 1101 2958 multum
1177 2930 1181 2938 ·

94 2984 289 3049 auctoritate
304 2988 336 3048 et
355 2985 462 3070 grstia
480 2989 600 3068 posset,
617 2984 762 3048 invenire
779 2985 942 3048 neminem
956 2981 1100 3047 Siculum

93 3072 214 3156 potuit,
243 3073 298 3157 qui
327 3075 399 3157 [pro
426 3075 473 3154 se]
499 3073 646 3159 cognitor
668 3073 782 3136 fieret?
827 3070 899 3136 Hoc
921 3070 1099 3155 probabis?

93 3159 148 3226 An
173 3160 244 3246 ipse
267 3161 370 3227 ciuem
393 3161 576 3226 Romanum
600 3161 738 3225 maluit?
780 3157 879 3243 Cedo,
907 3158 959 3223 cui
982 3155 1100 3243 Siculo,

93 3269 166 3314 eum
184 3249 213 3314 is
232 3271 306 3314 reus
324 3250 425 3334 fieret,
448 3250 527 3315 civis
547 3249 713 3314 Romanus
733 3247 883 3333 cognitor
904 3246 1010 3312 factus
1033 3270 1100 3312 urn-

49 3356 78 3396 s⁵
94 3358 193 3421 quarn
220 3337 273 3403 sit.
318 3337 470 3403 Omnium
497 3341 685 3422 praetorum
712 3335 852 3419 litteras,
880 3335 936 3419 qui
964 3341 1039 3402 ante
1067 3339 1100 3400 te

91 3425 236 3509 fuerunt,
262 3426 387 3510 profer,
414 3426 551 3510 explica,
579 3426 608 3490 si
629 3446 729 3490 unum
750 3423 926 3506 inveneris,
954 3445 1014 3510 ego
1038 3424 1100 3489 hoc

17 3593 19 3598 Ι
92 3513 167 3598 tibi,
196 3535 290 3598 quem
312 3515 354 3580 ad
376 3513 508 3580 modum
530 3514 565 3578 in
587 3513 710 3579 tabulis
734 3513 891 3598 scriptum
914 3512 1029 3598 habes,
1052 3513 1099 3578 ita
