2524 3876
361 181 437 236 cAP.
457 187 562 237 27—29
581 185 596 247 ἓ
614 186 719 236 86-89
1009 181 1052 246 29

56 326 100 390 die
126 348 165 390 ne
195 326 317 392 Romae
351 326 480 410 quidem
512 348 586 391 eum
616 325 731 408 fuisse3
763 325 797 390 id
827 325 968 390 testibus
1000 347 1052 390 me

54 415 207 499 pollicitus
230 435 304 480 sum
326 415 460 500 planum
477 413 649 497 facturum,
672 415 728 498 qui
746 417 780 479 et
798 413 879 479 scire
898 413 1052 479 deberent

55 506 237 587 etecusam,
260 525 317 568 cur
340 503 563 586 mentirentur,
585 523 653 567 non
674 501 841 568 haberent.
877 501 927 566 Ex
947 503 1051 568 edicto

53 595 151 656 autem
172 613 239 656 non
260 591 407 676 potuisse
429 591 516 656 bona
534 590 694 674 possideri
711 590 942 675 demonstravi,
966 590 1053 674 quod

30 698 145 763 cneque
171 678 343 744 fraudandi
370 701 467 746 causa
494 679 660 744 latitasset
686 700 790 762 neque
818 679 924 744 exsilii
955 699 1053 744 eausa

52 767 148 833 solum
165 769 302 834 vertisse
321 767 490 834 diceretur.
525 768 700 851 Reliquum
723 771 782 850 est,
805 770 842 832 ut
864 788 938 832 eum
956 788 1051 832 nemo
1071 779 1105 830 eu

52 855 158 921 iudicio
177 855 365 921 defenderit
401 854 494 931 Quod
512 859 625 922 contra
643 854 866 940 copiosissimo
886 854 1052 920 defensum

52 965 114 1010 esse
139 944 290 1010 contendi
312 965 379 1010 non
401 945 442 1009 ab
466 944 597 1008 homine
620 944 726 1008 alieno
748 964 853 1027 nequo
876 942 918 1008 ab
943 943 1068 1027 aliquo·

52 1033 275 1099 calumniatore
303 1035 401 1116 atque
423 1032 587 1117 improbo,
619 1032 674 1097 sed
698 1032 740 1098 ab
764 1031 872 1115 equite
894 1031 1053 1116 Romano,

20 1137 40 1176 ¹⁰
50 1121 220 1206 propinquo
244 1143 283 1187 ao
305 1120 488 1186 necessario
512 1141 580 1205 suo,
603 1142 699 1204 quem
721 1120 792 1204 ipse
816 1117 886 1184 Sex.
909 1117 1052 1186 Naevius

50 1213 284 1292 procuratorem
305 1209 487 1293 relinquere
506 1212 602 1273 antea
620 1211 821 1290 consuesset3
843 1229 946 1292 neque
970 1230 1054 1291 eum,

51 1296 75 1360 si
91 1298 236 1364 tribunos
257 1297 440 1383 appellarit,
464 1296 583 1362 idcirco
602 1296 709 1361 minus
727 1296 845 1362 iudicio
868 1297 939 1380 pati
961 1318 1054 1381 para-

49 1389 111 1450 tum
141 1386 257 1470 fuisse,
288 1407 392 1470 neque
418 1385 566 1470 potentio
596 1385 816 1468 procuratoris
843 1383 969 1452 Naevio
1003 1384 1053 1450 ius

52 1477 199 1558 ereptum,
223 1477 340 1539 contra
357 1473 457 1538 istum
475 1473 623 1558 potentia
642 1495 701 1539 sua
719 1476 790 1537 turn
807 1477 937 1538 tantum
956 1473 1052 1538 modo

20 1577 40 1616 1⁵
53 1563 241 1646 superiorem
255 1561 366 1643 fuisse,
382 1583 467 1628 nuno
480 1562 576 1628 nobis
590 1561 644 1628 vix
658 1561 840 1646 respirandi
855 1564 1053 1647 potestatem
1063 1610 1106 1674 ,9

52 1649 125 1715 dare.
178 1650 347 1734 Quaesivi,
384 1672 466 1734 quae
499 1671 596 1716 causa
622 1649 752 1731 fuisset,
784 1672 842 1715 our
872 1650 959 1714 bona
987 1671 1053 1714 non
1072 1687 1105 1736 gg

49 1739 215 1824 venissent,
242 1761 317 1804 cum
339 1760 378 1803 ex
400 1739 505 1804 edicto
527 1738 779 1823 possiderentur.
823 1737 948 1802 Deinde
970 1737 1054 1802 illud

51 1847 166 1911 quoque
183 1827 351 1913 requisivi,
372 1849 436 1911 qua
454 1826 580 1892 ratione
599 1849 637 1891 ex
655 1830 707 1891 tot
725 1825 939 1891 creditoribus
957 1847 1053 1890 nemo

49 1936 142 1999 neque
172 1919 247 1981 tum
278 1915 364 1980 idem
397 1915 511 1980 fecerit
546 1936 650 1998 neque
686 1936 771 1980 nunc
807 1917 922 1979 contra
958 1914 1054 1996 dicat,

17 2017 39 2056 ²⁰
52 2023 215 2089 omnesque
243 2025 304 2088 pro
330 2002 366 2068 P.
394 2002 544 2079 Quinctio
571 2006 730 2088 pugnent,
758 2001 951 2086 praesertim
980 2024 1054 2067 cum

50 2089 79 2154 in
100 2093 157 2157 tali
178 2092 300 2158 iudicio
323 2092 513 2158 testimonia
535 2091 731 2156 creditorum
760 2090 986 2155 existimentur
1013 2089 1054 2154 ad

50 2201 110 2244 rem
136 2182 278 2246 maxime
305 2181 476 2265 pertinere.
521 2178 642 2244 Postea
668 2200 740 2244 sum
768 2199 846 2243 usus
877 2178 1055 2244 adversarii

50 2268 244 2354 testimonio,
274 2269 328 2352 qui
352 2269 414 2333 sibi
438 2289 511 2333 eum
534 2289 637 2352 nuper
660 2266 761 2331 edidit
784 2266 919 2348 socium,
949 2288 1054 2350 quem,

50 2377 106 2438 quo
120 2359 215 2423 modo
230 2379 317 2422 nuno
330 2356 480 2441 intendit,
497 2377 538 2421 ne
552 2355 587 2419 in
604 2355 752 2420 vivorum
771 2355 901 2438 quidem
919 2376 1053 2420 numero

19 2447 112 2508 ²⁵tum
138 2446 343 2512 demonstrat
368 2444 478 2510 fuisse.
523 2443 607 2508 ‘lum
634 2443 727 2507 illam
754 2442 977 2508 incredibilem
1007 2465 1055 2508 ce·

49 2532 205 2598 leritatem
243 2555 300 2598 seu
335 2533 445 2618 potius
482 2532 650 2598 audaciam
688 2531 824 2616 protuli3
865 2531 1055 2596 confirmari

50 2641 169 2686 necesse
188 2644 261 2688 esse
280 2625 338 2687 aut
356 2622 453 2687 biduo
472 2638 541 2686 nco
561 2621 652 2686 milia
665 2641 821 2705 passuum
836 2641 906 2685 esse
921 2620 1055 2685 decursa

51 2713 101 2773 aut
126 2708 197 2775 Sex.
225 2709 387 2776 Naevium
415 2709 528 2774 diebus
558 2709 779 2792 compluribus
808 2711 884 2773 ante
916 2708 952 2772 in
982 2729 1055 2792 pos·

52 2798 220 2863 sessionem
234 2798 372 2881 misisse,
391 2819 489 2882 quam
507 2797 699 2882 postularet,
718 2797 767 2861 uti
786 2796 815 2860 ei
834 2796 946 2861 liceret
968 2796 1055 2859 bona

19 2897 40 2938 ³⁰
51 2887 215 2967 possidere.
239 2885 359 2951 Postea
368 2886 501 2950 recitavi
512 2885 660 2966 edictum,
671 2885 756 2968 quod
768 2888 879 2970 aperte
890 2883 1055 2948 dominum
1073 2901 1107 2951 ss

53 2972 86 3036 de
106 2975 238 3058 praedio
262 2974 390 3039 detrudi
412 2977 552 3056 vetaret3
580 2973 613 3037 in
637 2995 701 3056 quo
724 2973 873 3039 constitit
895 2970 1055 3036 Naevium

53 3081 86 3124 ex
107 3063 209 3134 edicto
233 3084 301 3127 non
322 3062 513 3147 possedisse,
536 3083 609 3126 curn
632 3061 840 3126 confiteretur
864 3081 902 3123 ex
922 3058 1055 3144 praedio

53 3148 83 3212 ui
110 3151 275 3216 detrusum
307 3172 377 3216 esse
409 3147 604 3226 Quinctium.
654 3148 792 3214 Omnino
824 3151 933 3212 eutem
970 3147 1057 3210 bona

54 3256 195 3318 possessa
217 3260 285 3303 non
307 3261 377 3304 esse
401 3238 569 3320 constitui,
600 3238 686 3322 quod
708 3239 868 3303 bonorum
892 3235 1055 3319 possessio

20 3331 209 3407 &spectetur
232 3349 298 3392 non
320 3329 356 3392 in
378 3327 489 3411 aliqua
511 3330 618 3412 parte,
642 3326 698 3390 sed
721 3325 756 3389 in
778 3324 950 3407 universis,
974 3345 1056 3408 quae

54 3414 149 3479 teneri
167 3419 200 3481 et
217 3415 379 3500 possideri
397 3416 533 3500 possint.
568 3414 645 3479 Dixi
664 3415 795 3478 domum
809 3413 933 3478 Romae
946 3411 1056 3497 fuisse,

53 3521 111 3584 quo
131 3504 194 3568 ista
216 3525 259 3568 ne
282 3501 456 3588 adspirarit
485 3502 627 3588 quidem,
654 3522 766 3566 seruos
794 3502 990 3586 complures,
1018 3522 1056 3565 ex
