2604 3880
346 201 413 256 LIB.
433 203 446 256 I
478 201 571 290 ,CAR
589 209 695 258 47-49
713 209 729 269 ἕ
750 208 897 259 lta—128.
1064 206 1127 270 187

111 348 218 432 pretio
239 347 464 432 superabatur.
496 345 597 410 Venit
615 345 755 412 Romam
772 346 887 434 Ligus3
905 370 972 414 non
986 349 1111 416 dubita·
1130 373 1180 423 raa

111 436 180 521 bat,
204 436 296 520 quin,
320 435 348 500 si
370 435 441 520 ipse
463 433 601 500 Verrem
625 436 841 522 convenisset,
870 437 1129 522 aequitateca'u·

113 546 181 609 sas,
225 523 421 590 auctoritate
459 544 518 588 sua
559 546 762 590 commovere
802 525 968 592 hominem
1008 532 1128 612 posset.

112 611 255 678 Domum
274 613 408 678 adeum
430 612 528 695 venit,
551 634 621 676 rem
645 612 858 698 demonstrat,
881 637 979 698 quam
1001 616 1128 700 pridem

85 701 177 776 asiai
199 700 363 766 hereditas
386 700 542 781 venisset,
571 701 678 786 docet3
708 701 794 786 quod
816 701 912 768 facile
934 702 1059 768 homini
1081 705 1128 770 in-

113 789 248 875 genioso
272 790 306 854 in
329 809 428 854 causa
450 789 647 872 aequissima
672 789 748 874 fuit,
772 791 891 875 multa,
914 813 996 875 quac
1020 813 1128 876 quem·

111 878 161 942 vis
191 899 396 960 commovere
422 881 570 962 possent,
603 877 699 962 dixit3
732 878 774 942 ad
805 882 984 944 extremum
1016 885 1127 964 petere

111 965 233 1051 eoepit,
264 989 305 1032 ne
341 987 443 1049 usque
480 986 518 1031 eo
553 987 646 1030 suam
678 967 907 1032 auctoritatem
940 967 1127 1053 despiceret,

4 1077 5 1084 ¹
112 1053 345 1139 gratiam[que]
361 1056 591 1138 contemneret,
609 1058 647 1119 ut
665 1076 700 1120 se
718 1058 813 1120 tanta
829 1055 949 1121 iniuria
967 1056 1128 1122 adficeret.

71 1160 98 1202 ιο
112 1141 222 1208 Homo
245 1142 399 1228 Ligurem
427 1163 577 1208 accusare
604 1143 725 1228 coepit,
753 1143 809 1228 qui
831 1143 923 1209 inre
946 1145 1128 1212 adventicia

4 1255 6 1300 2
114 1235 213 1315 atque
240 1230 438 1296 hereditarie
465 1234 534 1296 tam
563 1231 715 1317 diligens,
747 1235 817 1298 tam
849 1235 995 1298 attentus
1028 1239 1127 1318 esset3

4 1355 6 1392 i
113 1319 230 1384 debere
263 1341 336 1384 eum
370 1319 479 1385 aiebat
510 1340 603 1384 suam
638 1341 766 1404 quoque
802 1321 963 1387 rationem
1000 1322 1128 1406 ducere;

112 1409 217 1474 multa
241 1407 306 1472 sibi
329 1409 413 1494 opus¹
434 1429 518 1491 esse,
547 1409 653 1473 multa
676 1409 809 1474 canibus
834 1409 914 1494 suis,
939 1432 1019 1494 quos
1042 1411 1128 1476 circa

4 1495 6 1564 t
113 1518 148 1561 se
171 1497 317 1562 heberet.
361 1495 438 1560 Non
459 1517 593 1580 possum
622 1496 682 1562 illa
707 1497 836 1580 planius
865 1519 1127 1584 commemorare,

4 1603 6 1630 =
71 1601 98 1642 1⁵
114 1607 212 1669 quam
239 1585 347 1670 ipsum
370 1584 525 1668 Ligurem
551 1606 612 1668 pro
639 1585 828 1650 testimonio
852 1585 957 1652 dicere
980 1587 1127 1652 audistis.

4 1713 6 1742 r
113 1671 198 1748 Quid
250 1676 325 1757 est,
352 1671 494 1737 Verres?
527 1677 638 1738 utrum
664 1695 705 1738 ne
731 1673 784 1739 his
812 1674 942 1758 quidem
969 1675 1109 1740 testibus
1130 1699 1177 1748 127

4 1755 6 1848 ξ
113 1761 274 1846 credetur,
303 1783 344 1826 an
371 1761 451 1826 haec
474 1761 608 1826 adrem
630 1783 697 1826 non
717 1761 904 1845 pertinent?
932 1784 999 1827 non
1020 1763 1126 1827 crede-

4 1851 6 1910 ζ
112 1871 184 1916 mus
213 1849 255 1914 M.
284 1849 434 1933 Octavio,
465 1871 532 1914 non
558 1849 593 1913 L.
621 1849 757 1934 Liguri?
786 1849 858 1934 quis
885 1850 981 1916 nobis
1009 1851 1127 1934 credet,

4 1931 6 1942 ¹
113 1938 165 2004 cui
191 1938 273 2004 nos?
303 1937 465 2022 quidest,
489 1937 649 2018 [Verres‚]
679 1937 765 2022 quod
786 1939 921 2022 planum
943 1937 1016 2002 fieri
1037 1939 1127 2005 testi·

4 2025 6 2036 ’
71 2043 100 2084 2⁰
113 2026 175 2092 bus
199 2027 317 2112 possit,
341 2026 369 2091 si
391 2027 453 2091 hoc
475 2047 541 2092 non
563 2025 623 2090 fit?
654 2024 708 2090 An
729 2025 776 2110 id,
800 2027 886 2110 quod
909 2025 1032 2111 dicunt,
1055 2028 1127 2092 leve

4 2185 6 2200 ,
113 2115 185 2180 ert?
222 2113 315 2180 Nihil
333 2115 447 2198 levius,
466 2136 564 2198 quam
582 2118 766 2198 praetorem
784 2115 946 2180 urbanum
966 2115 1029 2181 hoc
1046 2115 1126 2180 iuris

4 2203 6 2274 i
111 2204 145 2267 in
171 2224 229 2268 suo
252 2203 450 2288 magistratu
473 2203 683 2286 constituere,
706 2203 869 2286 omnibus,
898 2203 1014 2288 quibus
1037 2203 1127 2269 here

4 2287 6 2370 ξ
113 2291 198 2356 ditas
222 2292 356 2374 venerit,
380 2291 570 2356 coheredem
588 2295 773 2376 praetorem
792 2313 862 2356 esse
882 2295 1040 2377 oportere.
1073 2291 1127 2357 An

4 2387 6 2468 lp
112 2401 190 2445 vero
214 2379 410 2462 dubitemus,
434 2400 497 2463 quo
521 2400 577 2444 ore
600 2379 662 2444 iste
686 2383 810 2445 eeteros
827 2380 976 2446 homines
994 2381 1127 2446 inferio-

4 2473 6 2506 *
73 2483 99 2526 aa
113 2489 166 2533 res
189 2468 271 2551 loco,
295 2469 498 2552 auctoritate,
522 2467 642 2551 ordine,
665 2489 729 2551 quo
753 2489 808 2534 ore
826 2468 974 2534 homines
993 2469 1127 2534 rustica·

112 2577 173 2622 nos
197 2578 235 2621 ex
258 2557 456 2640 municipiis,
485 2577 548 2640 quo
577 2556 713 2640 denique
741 2578 809 2640 ore,
838 2578 919 2642 quos
947 2579 1125 2642 numquam

4 2725 5 2730 ἵ
112 2645 234 2710 liberos
249 2645 386 2730 putavit,
405 2645 575 2710 libertinos
589 2645 737 2710 homines
754 2646 869 2710 solitus
889 2645 933 2711 sit
952 2647 1127 2731 appellare,

4 2753 5 2758 ¹
114 2733 173 2816 qui
194 2733 235 2798 ob
258 2734 309 2798 ius
333 2733 502 2798 dicendum
525 2731 568 2797 M.
587 2731 939 2820 Octavium‘Ligurem,
961 2733 1126 2799 hominem

113 2821 359 2887 ornatissimum
386 2821 472 2905 loco,
500 2821 625 2905 ordine,
651 2821 795 2906 nomine,
822 2822 957 2904 virtute,
985 2821 1126 2906 ingenie,

73 2926 100 2968 ⁹0
114 2909 225 2994 copiis,
248 2931 380 2992 poscere
403 2909 573 2994 pecuniam
595 2931 662 2976 non
684 2909 864 2975 dubitarit?

179 2997 218 3062 In
238 2998 335 3064 sartis
355 2998 450 3064 tectis
468 3019 545 3064 vero
565 3019 660 3082 quem
680 2998 871 3064 admodum
891 3019 925 3063 se
946 2998 1094 3084 gesserit,
1104 2971 1178 3117 (ἐξ)

113 3086 191 3170 quid
210 3107 271 3172 ego
291 3086 418 3152 dicam?
456 3086 625 3171 Dixerunt,
648 3087 704 3171 qui
723 3091 905 3170 senserunt3
931 3089 1006 3151 sunt
1027 3085 1093 3170 alii,

4 3193 7 3222 ³
113 3174 169 3258 qui
192 3174 315 3258 dicant3
344 3179 442 3242 notae
465 3197 517 3240 res
542 3179 639 3260 atque
663 3174 856 3240 manifestae
878 3176 1027 3260 prolatae
1050 3177 1126 3240 sunt

113 3266 146 3328 et
174 3263 387 3348 proferentur.
432 3263 525 3329 Dixit
549 3261 605 3328 Cn.
628 3263 784 3347 Faunine,
812 3285 909 3347 eques
932 3263 1107 3346 Romanus,
1128 3282 1178 3332 128

71 3368 99 3408 ⁸⁵
111 3351 214 3416 frater
234 3373 407 3438 germanus
427 3351 464 3428 Q.
479 3351 590 3436 Titini,
608 3352 722 3418 iudicis
741 3351 801 3436 tui,
823 3351 885 3417 tibi
904 3373 938 3418 se
956 3351 1125 3437 pecuniam

113 3439 247 3506 dedisse.
279 3440 424 3507 Rnomr.
460 3439 705 3506 Tnsmnoruun
718 3439 904 3506 OnFrnui.
941 3439 1054 3506 Nolite
1069 3438 1125 3506 On.

112 3527 236 3596 Fannio
252 3528 398 3611 [dicenti]
414 3529 552 3612 credere,
565 3529 643 3612 noli,
662 3529 805 3614 inquam,
823 3533 869 3614 tu,
888 3529 923 3607 Q.
939 3529 1049 3613 Titini,
1069 3527 1125 3595 Cn.
