2604 3880
183 185 248 250 190
477 182 518 238 ΙΝ
537 183 566 238 O.
585 181 740 236 VERREM
757 181 837 237 ACT.
856 181 891 237 Π.

131 350 180 401 lae
199 351 269 396 esse
301 328 481 395 confirmat.
526 326 622 393 Nova
653 349 706 392 res
738 331 835 410 atque
866 327 1044 413 improvisa
1074 328 1195 413 pupilli

181 417 351 484 calamitas
373 416 544 482 nuntiatur
567 415 680 482 statim
703 414 738 482 0.
760 415 896 500 Mustio,
925 415 1042 481 vitrico
1064 416 1194 502 pupilli,

181 505 237 591 qui
268 527 371 592 nuper
403 508 454 570 est
485 509 648 589 mortuus,
678 503 722 569 M.
753 504 848 570 Iunio
879 507 1012 590 patruo,
1042 503 1077 568 P.
1104 504 1193 569 Titio
1288 521 1289 584 ,

180 594 297 679 tutori,
330 593 455 658 homini
481 593 715 679 frugalissimo.
759 591 806 657 Hi
832 614 902 657 rem
932 592 1101 658 advirum
1128 593 1194 678 pri·

180 683 320 748 marium
343 703 469 748 summo
493 681 600 747 officio
623 703 660 747 ac
683 680 803 746 virtute
825 681 1019 766 praeditum,
1040 680 1083 745 M.
1105 679 1222 745 Mar-e

180 773 313 856 cellum,
345 771 402 855 qui
433 774 504 835 erat
535 770 653 855 pupilli
683 773 787 852 tuter,
820 769 976 836 deferunt.
1021 768 1121 834 Venit
1151 770 1194 834 ad

179 859 317 925 Verrem
350 859 394 924 M.
420 858 609 943 Marcellus,
639 858 723 943 petit
751 859 793 924 ab
821 879 858 923 eo
885 880 946 943 pro
974 879 1033 923 sua
1059 857 1122 923 fide
1155 880 1194 923 ac

180 948 352 1035 diligentia
378 947 526 1032 pluribus
553 946 676 1031 verbiS,
702 968 743 1011 ne
770 968 829 1031 per
857 967 1017 1011 summam
1039 946 1193 1010 iniuriam

179 1038 341 1123 pupillum
374 1035 504 1100 Iunium
538 1033 679 1100 fortunis
714 1035 832 1120 patriis
868 1039 1002 1100 conetur
1021 1038 1192 1112 evertere.

179 1125 260 1210 Iste,
288 1124 344 1207 qui
369 1124 436 1189 iam
464 1144 521 1208 spe
549 1125 647 1206 atque
674 1122 825 1207 opinione
847 1123 1001 1209 praedam
1023 1122 1116 1188 illam
1139 1123 1192 1188 de-
1209 1143 1236 1184 rc

179 1217 336 1296 vorasset,
358 1233 462 1296 neque
484 1211 554 1276 ulla
574 1212 737 1295 aequitate
756 1211 914 1276 orationis
930 1233 1034 1296 neque
1053 1211 1193 1276 auctori·

179 1307 248 1368 tate
262 1301 305 1366 M.
319 1299 468 1365 Marcelli
481 1303 663 1366 commotus
678 1303 728 1365 est
744 1299 865 1384 itaque,
884 1321 980 1384 quem
998 1300 1040 1365 ad
1058 1300 1192 1366 modum

129 1410 178 1460 lae
198 1388 403 1470 ostendisset,
420 1409 455 1452 se
468 1387 503 1453 id
521 1391 708 1454 exacturum
727 1409 798 1453 esse
816 1387 992 1472 respondit.
1030 1386 1113 1454 Oum
1127 1388 1192 1453 sibi

181 1499 292 1544 omnes
320 1477 362 1542 ad
387 1477 489 1541 istum
512 1476 734 1562 adlegationes
758 1475 920 1560 difficiles,
946 1498 1058 1542 omnes
1082 1477 1190 1541 aditus

179 1567 298 1632 arduos
321 1587 359 1632 ac
380 1565 490 1651 potius
512 1565 706 1631 interclusos
729 1564 883 1648 viderent,
905 1565 992 1651 apud
1011 1585 1107 1649 quem
1123 1586 1192 1630 non
1208 1585 1234 1626 ra

178 1656 243 1736 ius,
273 1677 341 1720 non
372 1654 534 1738 aequitas,
564 1675 630 1718 non
659 1653 894 1738 misericordia,
924 1675 991 1718 non
1017 1653 1191 1739 propinqui
1288 1639 1289 1724 l

180 1743 295 1829 oratic,
316 1764 384 1809 non
406 1742 503 1809 amici
523 1741 689 1825 voluntas,
711 1763 778 1808 non
800 1743 988 1826 cuiusquam
1012 1741 1191 1807 auctoritas
1288 1733 1289 1828 l

180 1835 253 1918 [pro
276 1831 406 1916 pretio],
428 1853 495 1896 non
518 1830 626 1916 gratia
647 1831 780 1914 valeret,
804 1831 953 1895 statuunt
973 1830 1007 1895 id
1025 1829 1089 1894 sibi
1107 1831 1191 1914 opti·
1288 1829 1289 1912 l

179 1943 269 1986 mum
284 1941 353 1984 esse
365 1919 464 2004 factu,
483 1919 569 2003 quod
583 1918 683 1984 cuivis
697 1918 839 1984 venisset
857 1919 893 1983 in
910 1923 1060 2001 mentem,
1078 1923 1191 2003 petere
1288 1917 1289 2000 l

180 2009 335 2076 auxilium
363 2031 383 2072 a
407 2006 597 2089 Chelidone,
625 2029 706 2091 quae
733 2006 798 2072 isto
825 2011 976 2092 praetore
1004 2029 1071 2072 non
1092 2007 1190 2072 modo
1205 2027 1233 2067 ao
1285 2011 1289 2056 t

179 2099 214 2163 in
236 2097 306 2161 iure
329 2095 416 2160 civili
438 2095 704 2196 privatorumque
723 2095 867 2196 omnium
886 2095 1115 2198 controversiis
1134 2117 1191 2180 po·

127 2183 1191 2356 aPlt..l3?ttlct⁶tleltttatttl.¹¹.tfl.⁶.tl¹.⁸‚

128 2329 178 2378 ¹³⁷
197 2381 294 2443 eques
304 2359 480 2444 Romanus,
494 2359 694 2445 publicanus,
708 2359 806 2425 homo
817 2382 889 2425 cum
899 2360 1013 2445 primis
1022 2360 1190 2444 honestus,

178 2448 268 2515 venit
295 2446 338 2511 M.
366 2446 491 2532 Iunius,
522 2451 659 2533 patruus
686 2448 792 2533 pueri,
820 2447 1062 2535 frugalissimus
1089 2448 1189 2514 homo
1203 2467 1230 2507 25
1288 2495 1289 2498 κ

179 2541 212 2602 et
244 2535 458 2618 castissimus,
489 2537 579 2602 venit
605 2537 704 2602 homo
737 2558 862 2601 summo
893 2536 1029 2621 pudore,
1061 2558 1189 2602 summo
1288 2601 1289 2610 ,

179 2625 300 2710 officio,
328 2625 586 2710 spectatissimus
610 2624 731 2688 ordinis
753 2625 818 2709 sui,
839 2623 875 2689 P.
898 2624 1004 2690 Titius
1026 2629 1126 2690 tutor.
1161 2624 1189 2690 Ο
1288 2639 1289 2642 ’

178 2713 292 2783 multis
319 2713 482 2798 acerbam,
511 2735 529 2778 ο
558 2713 710 2778 miseram
738 2716 835 2796 atque
862 2713 1029 2799 indignam
1059 2717 1189 2798 praetu-

178 2825 250 2868 ram
271 2805 375 2869 tuaml
421 2801 469 2868 Ut
492 2802 643 2868 omittam
666 2805 786 2884 cetera,
814 2823 877 2885 quo
904 2801 1037 2867 tandem
1065 2801 1188 2886 pudore

178 2892 255 2958 talis
291 2892 393 2975 viros,
430 2912 493 2974 quo
531 2890 642 2954 dolore
677 2889 856 2954 meretricis
893 2890 1024 2954 domum
1061 2889 1188 2954 venisse
1202 2908 1229 2947 ⁵0

179 2979 405 3046 arbitramini?
429 2979 485 3064 qui
506 3000 683 3062 numquam
706 2979 775 3043 ulla
798 2978 982 3043 condicione
1004 2978 1103 3043 istam
1122 2981 1137 3042 t
1177 3015 1189 3026 -

177 3068 358 3154 pitudinem
381 3067 552 3150 subissent,
574 3067 638 3131 nisi
657 3064 756 3131 officii
773 3065 1083 3151 necessitudinisque
1101 3067 1188 3132 ratio

178 3156 347 3241 coegisset.
388 3154 541 3238 Veniunt,
563 3157 600 3218 ut
623 3153 707 3238 dico,
733 3154 773 3219 ad
798 3153 1017 3220 Chelidonem.
1062 3155 1189 3220 Domus
1288 3213 1289 3216 ,

178 3248 249 3309 erat
279 3245 389 3328 plena3
421 3265 506 3308 nova
535 3243 619 3326 iura,
655 3264 741 3309 nova
772 3243 913 3327 decreta,
949 3265 1035 3308 nova
1070 3242 1189 3307 iudicia

177 3332 379 3417 petebantur.
425 3330 518 3394 ‘Mihi
541 3331 595 3395 det
618 3331 864 3415 possessionem,
890 3331 1032 3397 mihine
1056 3331 1189 3412 adimat,
1203 3349 1228 3388 ³5

176 3419 211 3482 in
247 3440 299 3483 me
329 3418 483 3483 iudicium
514 3440 554 3483 ne
587 3419 655 3502 det,
692 3419 773 3485 mihi
806 3420 892 3484 bona
920 3418 1068 3485 addicat?
1117 3417 1189 3483 Alii
1288 3431 1289 3488 ζ

176 3527 326 3570 nummos
348 3505 573 3588 numerabant,
595 3507 637 3570 ab
662 3508 734 3572 aliis
753 3507 895 3573 tabellae
915 3509 1188 3592 obsignabantur3
