2524 3876
378 215 456 272 CAP.
475 222 578 272 ee-41
599 222 614 283 s
634 221 782 272 ers-120.
1043 219 1085 284 69

67 385 134 448 quo
164 361 321 428 iudicium
349 366 412 446 est,
443 361 628 447 reperietis..
674 359 807 426 Etenim
835 384 989 446 quaerere
1020 363 1069 429 ita
1088 385 1138 436 118

66 451 211 517 debetis:
241 451 299 516 ubi
322 451 427 516 multa
450 472 560 535 avare,
582 451 688 516 multa
710 450 877 535 audacter,
899 451 1004 517 multa
1027 452 1086 517 im⁴

64 540 185 626 probe,
223 539 327 604 multa
359 538 531 624 perfidiose
567 538 656 604 facta
692 538 859 623 videbitis,
895 539 943 605 ibi
981 541 1085 606 scelus

66 649 199 713 quoque
222 627 326 692 latere
349 627 435 692 inter
456 626 516 692 illa
534 630 586 692 tot
603 627 732 714 flagitia
749 630 908 712 putatote.
941 627 1086 694 Tametsi

37 717 132 784 ahoe
157 716 287 800 quidem
310 715 444 782 minime
468 715 560 799 latet,
583 716 670 800 quod
689 716 737 781 ita
755 719 944 800 promptum
964 721 996 782 et
1013 739 1086 802 pro-

65 805 216 891 positum
244 807 308 888 est,
335 807 373 868 ut
398 826 466 869 non
493 803 626 868 axillis
654 803 837 889 maleficiis,
865 825 948 891 quae
969 805 1004 870 in
1025 806 1085 872 illo

66 896 201 959 constat
228 913 313 976 esse,
339 892 402 958 hoo
428 892 655 979 intellegetur,
682 914 796 958 verum
823 913 862 957 ex
891 892 954 957 hoc
977 893 1085 974 etiam,

67 982 99 1046 si
123 1002 188 1066 quo
212 981 250 1046 de
268 981 401 1046 illorum
419 980 505 1045 forte
524 979 735 1065 dubitabitur,
754 980 972 1047 convincatur.
1002 981 1086 1057 Quid

66 1069 214 1154 tandem,
237 1091 367 1154 quaeso,
390 1068 534 1134 iudices?
555 1091 635 1134 num
657 1073 715 1134 aut
736 1068 794 1134 ille
812 1069 935 1134 lanista
953 1070 1085 1135 omnino

25 1158 138 1226 roiam
170 1180 190 1222 a
222 1157 331 1245 gladio
363 1156 535 1224 recessisse
566 1157 694 1223 videtur
726 1160 784 1222 aut
819 1157 872 1224 hio
909 1157 1085 1244 discipulus

67 1245 231 1332 magistro
246 1245 411 1311 tantulum
428 1245 467 1311 de
482 1248 553 1310 arte
567 1245 762 1312 concedere?
789 1244 854 1311 Par
873 1250 924 1310 est
938 1246 1086 1329 avaritie,

66 1334 190 1400 similis
204 1334 408 1419 improbitas,
429 1334 541 1402 eadem
554 1333 764 1419 impudentia,
782 1335 912 1421 gemine
926 1334 1068 1400 audacia.
1096 1386 1138 1448 4,

137 1422 280 1507 Etenim,
299 1421 453 1506 quoniam
471 1422 568 1487 fidam
586 1422 738 1509 magistri
757 1423 933 1509 cognostis,
952 1445 1069 1510 cogno·
1090 1463 1139 1511 ,19

67 1511 154 1578 suite
167 1533 252 1577 nuno
271 1510 421 1596 discipuli
442 1510 649 1596 aequitatem.
681 1510 758 1576 Dixi
776 1511 843 1576 iem
858 1515 955 1577 antea
973 1533 1069 1598 saepe

26 1627 52 1668 ω
66 1621 208 1666 numero
231 1600 418 1684 postulatos
442 1621 512 1664 esee
536 1599 577 1664 ab
601 1599 675 1664 istis
699 1600 779 1664 duos
802 1620 913 1665 servos
936 1600 972 1665 in
992 1621 1087 1684 quee-

67 1688 221 1754 stionem.
271 1686 320 1752 Tu
355 1709 495 1772 semper,
527 1686 563 1754 Τ.
594 1687 706 1768 Rosci,
738 1687 904 1754 recusast'.
960 1687 1087 1763 Quaero

67 1777 193 1842 abste:
217 1775 307 1860 line,
330 1775 386 1861 qui
403 1776 625 1861 postulabant,
648 1774 775 1862 indigni
793 1779 896 1860 erant,
917 1775 972 1860 qui
985 1776 1087 1860 impe-

65 1867 214 1948 trarent,
240 1886 283 1929 an
310 1865 394 1928 iste
416 1886 483 1929 non
505 1864 744 1948 commovebat,
773 1886 833 1950 pro
858 1885 921 1948 quo
944 1864 1088 1948 postula-

65 1955 163 2036 bant,
186 1975 229 2018 an
250 1973 303 2017 res
325 1952 398 2037 ipsa
421 1951 483 2017 tibi
505 1952 618 2037 iniqua
639 1950 844 2017 videbaturl'
870 1951 1088 2017 Postulabant

23 2070 50 2110 20
65 2041 221 2107 homines
234 2040 432 2106 nobilissimi
446 2042 543 2125 atque
561 2040 765 2127 integerrimi
782 2044 916 2106 nostrae
935 2040 1088 2122 civitatis,

67 2150 155 2216 quos
182 2129 249 2194 iam
277 2133 374 2194 antea
402 2128 581 2212 nominavi3
611 2129 741 2214 quiite
767 2129 919 2194 vixerunt
939 2129 1087 2213 talesque

67 2241 89 2285 a
118 2217 243 2302 populo
275 2217 422 2282 Romano
455 2220 627 2302 putantur,
663 2220 713 2301 ut,
746 2216 900 2302 quicquid
936 2215 1088 2300 dicerent,

65 2328 169 2372 nemo
201 2309 301 2389 esset,
332 2305 388 2390 qui
418 2327 485 2370 non
515 2327 652 2390 aequum
679 2308 820 2390 putaret.
869 2304 1088 2371 Postulabent

67 2398 184 2461 autem
205 2414 265 2478 pro
288 2393 420 2459 homine
443 2393 624 2458 miserrimo
652 2396 750 2478 atque
772 2392 1009 2478 infelicissimo,
1033 2394 1089 2480 qui

24 2510 52 2549 25
66 2483 125 2549 vel
143 2483 216 2567 ipse
234 2503 305 2546 sese
322 2481 358 2546 in
375 2481 552 2547 cruciatum
570 2481 642 2546 dari
660 2485 800 2567 cuperet,
823 2481 899 2546 dum
923 2482 962 2547 de
983 2482 1088 2567 patris

67 2573 180 2637 morte
194 2573 411 2655 quaereretur.
447 2569 512 2635 Res
526 2591 625 2654 porro
640 2569 699 2635 abs
718 2573 751 2634 te
770 2569 838 2635 eius
857 2570 946 2635 modi
959 2575 1069 2656 postu·
1090 2590 1141 2642 120

67 2659 214 2742 labatur,
234 2662 271 2723 ut
285 2657 369 2723 nihil
379 2658 560 2740 interesset,
573 2661 684 2723 utrum
698 2679 771 2724 eam
784 2679 854 2723 rem
866 2680 1032 2725 recusares
1046 2681 1089 2724 an

69 2749 111 2812 de
129 2746 290 2812 maleficio
310 2746 507 2812 confiterere.
535 2745 639 2822 -Quae
662 2769 734 2812 cum
757 2746 805 2811 ita
828 2747 904 2831 sint,
927 2768 1046 2831 quaero
1066 2763 1141 2831 (120)

69 2836 132 2902 abs
167 2839 214 2918 te,
247 2856 344 2920 quam
372 2835 414 2900 ob
442 2856 575 2900 causam
601 2834 770 2900 recusetis.
821 2832 905 2900 (lum
932 2834 1088 2900 occiditur

23 2951 55 2991 eo
70 2923 144 2990 Sex.
168 2922 317 3008 Roscius,
340 2923 462 2988 ibidem
484 2922 624 2988 fuerunt.
670 2921 788 2989 Servos
811 2922 915 3008 ipsos,
938 2922 1025 3007 quod
1048 2922 1089 2986 ad

69 3033 124 3078 me
154 3011 287 3095 attinet,
314 3032 418 3096 neque
441 3032 544 3097 arguo
568 3032 672 3095 neque
694 3032 815 3098 purg03
843 3011 929 3095 quod
953 3032 972 3074 a
994 3009 1088 3074 vobis

69 3099 258 3188 oppugnari
282 3099 389 3184 video,
411 3121 453 3165 ne
474 3099 511 3164 in
534 3100 757 3184 quaestionem
781 3099 910 3181 dentur,
933 3097 1089 3181 suspicio-

70 3211 146 3254 sum
170 3191 234 3272 eet3
264 3187 351 3272 quod
373 3209 450 3254 vero
474 3188 561 3273 apud
583 3209 642 3253 vos
665 3187 755 3272 ipsos
783 3187 819 3252 in
845 3187 968 3251 honore
995 3188 1089 3250 tento

70 3280 163 3361 sunt,
189 3275 338 3362 profecto
361 3297 491 3341 necesse
516 3279 566 3340 est
589 3276 695 3341 scient
718 3274 856 3359 aliquid,
882 3274 968 3359 quod
991 3273 1019 3338 si
1042 3273 1089 3339 di-

22 3393 56 3434 as
70 3365 189 3450 xerint,
212 3364 431 3448 perniciosum
453 3363 546 3430 vobis
570 3363 718 3428 futurum
741 3363 793 3428 sit.
819 3399 857 3410 -
883 3360 923 3427 In
941 3361 1089 3428 dominos

71 3453 186 3540 quaeri
225 3453 263 3518 de
300 3453 401 3518 servis
430 3452 577 3537 iniquum
610 3456 668 3517 est.
696 3488 738 3499 -
766 3449 814 3517 At
843 3471 942 3534 neque
971 3453 1007 3516 c'u
1038 3471 1091 3516 vos

70 3541 256 3630 quaeritur3
279 3537 349 3610 Ser.
374 3541 459 3606 enim
477 3540 615 3606 Roscius
637 3562 711 3605 reus
731 3543 795 3627 eet,
817 3561 921 3627 neque
941 3540 975 3606 iu
994 3541 1090 3606 domi·
