2564 3876
199 157 240 221 78
375 155 448 213 PRO
468 154 545 210 SEX.
564 153 694 210 ROSCIO
712 153 880 210 AMERINO
900 154 1044 210 ORATIO.

196 306 255 367 tua
279 300 369 366 lacta
395 304 484 384 sunt,
511 299 631 366 idcirco
658 299 743 365 hunc
760 299 850 364 illius
873 299 979 365 filium
1003 299 1107 366 studes
1128 321 1204 384 per-

197 388 281 473 dere,
302 410 410 454 nonne
423 389 567 454 ostendis
591 389 624 453 id
642 391 675 454 te
694 388 807 472 vereri,
830 389 917 473 quod
935 392 1064 472 praeter
1081 391 1204 454 ceteros

196 481 234 542 tu
247 481 391 543 metuere
404 499 471 543 non
484 477 612 562 debeas,
624 499 666 541 ne
680 476 808 561 quando
823 475 936 544 liberis
950 476 1205 561 proscriptorum

196 566 283 631 bona
304 565 413 650 patrie
435 565 633 631 reddantur?

145 665 195 714 146
262 653 356 719 Facis
392 653 558 738 iniuriam,
594 651 818 740 Chrysogono,
859 654 887 719 si
923 655 1080 719 maiorem
1115 675 1207 736 spem
1233 677 1243 716 1

196 743 370 827 emptionis
384 746 461 808 tuae
474 742 510 807 in
526 742 622 807 huius
643 742 740 807 exitio
758 741 853 826 ponis
873 764 971 827 quam
989 743 1024 808 in
1042 742 1082 807 iis
1101 741 1207 824 rebus,

197 853 276 916 quas
300 830 335 896 L.
363 828 456 896 Sulla
484 830 595 917 gessit.
650 829 772 906 Quodsi
801 830 864 896 tibi
896 852 995 896 causa
1025 831 1116 918 nulla
1145 834 1207 912 est,

196 942 253 986 cur
275 920 361 986 hunc
384 920 539 985 miserum
556 922 650 984 tenta
668 918 856 985 calamitate
874 919 968 986 adfici
985 919 1078 1003 velis,
1100 919 1128 984 si
1143 918 1208 984 tibi

196 1009 306 1075 omnia
330 1030 388 1074 sua
405 1012 536 1094 practer
559 1007 701 1072 animam
724 1006 860 1072 tradidit
876 1029 935 1073 nee
955 1007 1018 1073 sibi
1037 1007 1208 1092 quicquam

195 1100 368 1182 paternum
399 1119 440 1162 ne
468 1096 670 1161 monumenti
701 1095 830 1180 quidem
862 1117 960 1161 causa
993 1097 1078 1163 clam
1110 1117 1246 1160 roser-10

196 1185 295 1269 ravit,
317 1207 375 1269 per
394 1185 470 1250 deos
488 1184 701 1268 immortales,
725 1206 806 1269 quae
829 1184 895 1249 ista
917 1187 1011 1250 tanta
1034 1183 1209 1250 crudelitas

196 1277 260 1357 est,
288 1294 370 1357 quac
397 1276 467 1337 tam
494 1273 564 1337 fera
595 1271 811 1357 immanisque
841 1273 981 1338 natura?
1032 1272 1111 1349 Quis
1142 1295 1210 1337 um-

196 1383 293 1445 quam
316 1361 436 1445 praedo
459 1360 523 1426 fuit
545 1365 615 1426 tam
637 1359 795 1445 nefarius,
818 1361 891 1446 quis
912 1361 1022 1445 pirata
1044 1361 1210 1426 11111111-

195 1448 310 1533 barus,
349 1451 400 1532 ut,
441 1470 513 1515 cum
554 1449 719 1535 integram
754 1449 909 1534 praedam
945 1449 1015 1514 sinc
1053 1450 1210 1535 sanguine

133 1545 195 1626 Ι147
214 1537 335 1602 habere
353 1540 474 1620 posset,
498 1541 632 1603 cruenta
648 1537 757 1621 spolia
776 1538 946 1604 detrahere
969 1537 1107 1604 mallet?
1140 1534 1209 1603 Scis
1225 1562 1247 1600 1

195 1626 282 1691 hunc
312 1625 395 1690 nihil
427 1625 562 1710 habere,
593 1626 677 1690 nihil
714 1626 844 1710 audere,
875 1626 957 1690 nihil
984 1648 1096 1712 posse,
1128 1626 1210 1691 nihil

195 1736 351 1799 umquam
395 1718 510 1780 contra
553 1736 622 1779 rem
667 1717 758 1801 tuam
799 1715 974 1800 cogitasse,
1020 1718 1054 1780 et
1100 1718 1212 1780 tamen

196 1824 366 1889 oppugnas
381 1824 464 1887 cum,
482 1824 578 1887 quem
595 1824 698 1886 neque
716 1807 860 1868 metuere
878 1806 971 1888 potes
985 1824 1091 1888 neque
1106 1803 1211 1869 odisse

196 1891 293 1957 debes
311 1913 371 1957 nec
390 1891 563 1976 quicquam
580 1890 647 1955 iam
665 1890 784 1956 habere
807 1891 925 1975 reliqui
948 1890 1048 1975 videa,
1071 1891 1160 1976 quod
1183 1892 1211 1956 11
1266 1883 1267 1917 ¹

196 1980 366 2044 detrahere
401 1979 522 2064 poesis3
562 1978 626 2044 nisi
661 1979 724 2044 hoo
759 1979 929 2064 indignum
970 1984 1083 2065 putas,
1125 1980 1211 2065 quod
1224 2004 1247 2042 ro

195 2068 351 2133 vestitum
375 2067 485 2133 sedere
503 2068 538 2131 in
555 2066 673 2132 iudicio
692 2067 790 2153 vides,
813 2089 910 2153 quem
927 2071 965 2133 tu
979 2089 996 2134 e
1010 2069 1210 2152 patrimonio

195 2160 363 2240 tamquam
391 2177 409 2220 e
435 2155 608 2308 naufrapio
635 2154 758 2221 nudum
788 2155 948 2239 expulisti.
999 2155 1101 2231 Quasi
1134 2179 1211 2222 vero
1265 2175 1266 2199 ³

194 2244 320 2309 nescias
352 2242 438 2309 hunc
470 2247 504 2308 et
536 2244 581 2308 ai
613 2248 647 2308 et
677 2243 792 2311 vestiri
818 2266 839 2309 1
864 2242 1007 2311 anoilia
1034 2243 1212 2326 [Balearici

194 2330 272 2414 filia,
294 2330 432 2414 Nepotis
456 2334 592 2416 sorore],
614 2331 855 2416 spectatissima
876 2331 1007 2417 lemine,
1031 2355 1115 2418 quae
1138 2356 1213 2399 cum

194 2421 323 2503 patrem
353 2419 583 2504 clarissimum,
615 2420 834 2505 amplissimos
861 2424 1010 2505 patruos,
1042 2422 1212 2487 ornatissi-
1226 2446 1249 2485 11

195 2529 286 2571 mum
299 2506 436 2576 fratrem
449 2506 595 2592 haberet,
612 2511 732 2594 tamen,
750 2531 823 2574 cum
840 2513 925 2574 essct
944 2508 1070 2592 mulier,
1089 2510 1213 2576 virtute

193 2594 345 2680 perfecit,
368 2599 418 2681 ut,
444 2601 566 2681 quanto
589 2597 712 2663 honore
735 2597 807 2682 ipsa
830 2619 869 2662 ex
892 2597 1025 2663 illorum
1049 2597 1213 2684 dignitate

195 2684 400 2837 adfippretpr,
426 2705 492 2750 non
515 2684 642 2751 minora
664 2685 731 2750 illis
757 2689 948 2751 ornamenta
971 2707 1010 2751 ex
1032 2708 1094 2752 sua
1117 2688 1213 2753 laude
1263 2733 1264 2763 ,

212 2795 247 2838 re
293 2794 371 2838 111.

141 2841 182 2904 51
218 2848 222 2856 '
261 2860 329 2946 An,
357 2860 444 2946 quoe
470 2861 643 2948 urgenter
672 2861 1211 2950 1111111111111111111
1225 2890 1248 2928 a

142 2917 193 2967 148
210 2949 336 3016 facinus
368 2949 518 3015 videtur?
573 2949 656 3015 Mihi
688 2951 794 3036 crede,
826 2950 855 3016 si
884 2973 944 3036 pro
975 2951 1081 3037 patris
1115 2953 1212 3018 huius
1262 2953 1263 3045 1

193 3037 346 3124 hospitiis
366 3041 399 3102 et
424 3038 533 3124 gratia
550 3039 675 3105 vellent
693 3060 804 3104 omnes
826 3039 903 3105 huic
925 3039 1073 3124 hospites
1098 3041 1212 3108 adesse

118 3147 122 3159 ·
194 3129 228 3191 et
255 3127 411 3192 auderent
438 3127 540 3192 libere
568 3126 753 3211 defendere,
785 3126 866 3192 satis
899 3128 1028 3212 copiosa
1061 3128 1212 3196 defende-

193 3217 298 3300 retur3
334 3214 386 3280 1111
425 3218 535 3280 autem
571 3236 631 3298 pro
664 3215 888 3302 magnitudine
919 3215 1056 3282 iniuriae
1087 3239 1211 3303 proque
1261 3285 1262 3292 1

194 3321 241 3383 eo,
264 3301 351 3384 quod
374 3297 501 3368 summa
521 3324 572 3368 111
591 3302 723 3386 publica
738 3304 776 3368 in
792 3303 889 3369 huius
907 3304 1052 3387 periculo
1072 3308 1211 3391 tempta·
1225 3319 1262 3372 ee

192 3388 261 3470 tur,
296 3388 377 3454 haec
413 3411 525 3455 omnes
561 3389 777 3476 vindicarent,
816 3392 995 3458 consistere
1027 3394 1211 3462 mehercule

192 3472 286 3537 vobis
313 3475 378 3540 isto
406 3476 441 3540 in
468 3478 540 3543 loco
567 3499 635 3543 non
662 3479 783 3545 liceret.
828 3480 924 3547 Nunc
946 3482 995 3546 ita
1018 3481 1212 3564 defenditur,
