2504 3876
325 149 434 204 clav
463 149 540 204 OAP.
560 157 664 206 er-ee
683 157 698 216 ς
718 155 866 204 rso-164.
1031 151 1097 216 489

9 319 17 360 r
88 294 194 379 spicio
224 294 375 378 cuiquam
402 297 489 358 esset
515 293 597 377 ulla3
625 293 737 359 deinde
764 294 855 359 iubet
878 293 1019 378 undique
1041 294 1098 359 ho·

8 439 17 450 .
87 383 214 447 minem
236 381 519 447 vehementissime
542 383 714 446 verberari.
755 379 958 447 (laedebatur
978 382 1079 466 virgis
1099 396 1149 447 roa

8 479 15 538 t
87 465 125 534 in
150 469 256 534 medio
279 469 352 535 foro
370 468 539 534 Messanae
562 469 641 534 civis
664 469 845 554 Romanus,
866 469 1001 554 iudices,
1024 493 1097 536 eum

8 589 16 630 ς
87 558 217 622 interea
248 557 358 621 nullus
387 557 542 642 gemitus,
573 557 664 621 nulla
690 579 753 622 vox
780 558 844 622 alia
869 558 958 623 illius
986 558 1098 623 miseri

8 679 13 718 ¹=
58 645 179 710 binter
204 645 350 710 dolorem
378 645 598 729 crepitumque
627 644 798 730 plagarum
822 646 1012 711 audiebatur
1033 646 1097 711 nisi

9 747 15 808 ζ’
88 733 186 798 haec:
219 731 341 798 ‘Giris
369 731 563 797 Romanus
591 732 692 796 sum?
737 731 808 797 Hac
840 754 874 797 se
906 755 1096 800 commemo

11 857 15 896 ς
57 848 59 852 ’
89 821 219 885 ratione
254 820 396 886 civitatis
433 820 542 884 omnia
573 820 709 884 verbera
740 820 948 903 depulsurum
979 823 1096 887 crucia

9 947 14 988 ς
89 913 226 993 tumque
260 930 279 973 a
310 929 445 992 corpore
478 907 674 972 deiecturum
707 908 942 992 arbitrabatur,
974 908 1002 972 is
1031 931 1098 974 non

8 1039 11 1078 ÷
90 996 189 1061 modo
207 997 271 1061 hoc
287 1017 354 1060 non
371 994 516 1079 perfecit,
539 999 576 1060 ut
594 995 761 1080 virgarum
778 997 844 1060 vim
863 996 1097 1081 deprecaretur,

8 1127 14 1166 Ξ
46 1103 74 1140 10
91 1085 163 1166 sed,
202 1106 274 1148 cum
312 1083 504 1168 imploraret
543 1083 671 1165 saepius
710 1086 944 1167 usurparetque
979 1105 1098 1147 nomen

8 1217 12 1256 ς
91 1172 251 1256 civitatis,
280 1193 371 1255 crux,
398 1193 489 1255 crux,
515 1171 662 1255 inquam,
688 1170 810 1236 infelici
837 1175 870 1236 ct
898 1193 1098 1255 aerumnose,

8 1307 13 1344 ,
92 1261 150 1344 qui
180 1281 358 1343 numquam
389 1259 488 1324 istam
514 1263 641 1342 pestem
667 1258 806 1343 viderat,
838 1259 1096 1344 comparabatur.

8 1427 12 1435 Ι
159 1351 321 1413 Onomen
340 1346 431 1411 dulce
450 1346 626 1411 libertatis!
657 1369 676 1412 o
699 1347 749 1412 ius
772 1347 925 1412 eximium
947 1351 1079 1412 nostrae
1099 1322 1149 1450 ἐξ

91 1435 249 1501 civitatis!
273 1456 292 1499 o
306 1435 359 1498 lex
372 1435 489 1499 Porcia
502 1435 655 1521 legesque
669 1432 891 1519 Semproniae!
915 1458 934 1500 o
954 1435 1097 1522 graviter

8 1573 11 1598 ,
49 1540 76 1582 1⁵
93 1523 276 1587 desiderata
296 1525 329 1586 et
352 1521 526 1605 aliquando
550 1522 676 1587 reddita
697 1523 786 1608 plebi
804 1524 970 1589 Romanae
993 1523 1096 1588 tribu-

8 1602 12 1692 ,'
91 1610 177 1675 nicia
195 1610 357 1694 potestas!
388 1609 514 1675 Hucine
531 1611 663 1675 tandem
681 1611 762 1676 haec
780 1613 889 1676 omnia
906 1611 1096 1694 reciderunt,

8 1695 10 1704 ’
92 1703 131 1763 ut
167 1698 246 1762 civis
278 1696 444 1772 Romanus
481 1699 516 1762 in
550 1699 717 1782 provincia
748 1699 861 1783 populi
893 1698 1032 1763 Romani
1062 1699 1097 1762 in

8 1844 9 1850 ,
93 1786 213 1870 oppido
236 1785 476 1850 foederatorum
498 1786 540 1850 ab
564 1809 615 1870 eo,
641 1787 697 1870 qui
718 1786 873 1851 beneficio
895 1786 1010 1870 populi
1031 1786 1096 1851 Ro-

8 1875 9 1952 ]
93 1874 183 1938 mani
217 1873 322 1938 fasces
360 1877 393 1938 et
425 1895 550 1938 secures
582 1874 730 1958 haberet,
767 1874 928 1959 deligatus
959 1875 994 1939 in
1024 1873 1097 1939 foro

50 1981 80 2020 20
93 1962 195 2047 virgis
235 1961 442 2027 caederetur?
496 1960 601 2036 Quid?
642 1985 715 2026 oum
752 1962 846 2048 ignes
885 1961 1097 2046 ardentesque

94 2050 234 2114 laminae
277 2050 439 2133 ceterique
482 2050 642 2114 cruciatus
686 2049 953 2134 admovebantur,
996 2050 1024 2114 si
1065 2056 1098 2114 te

96 2138 182 2202 'llius
216 2138 333 2203 acerba
365 2137 552 2221 imploratio
586 2142 619 2202 et
645 2159 707 2202 vox
735 2138 930 2202 miserabilis
957 2160 1024 2203 non
1049 2138 1098 2201 in-

94 2226 238 2310 hibebat,
260 2247 300 2289 ne
324 2225 442 2290 civium
466 2225 595 2309 quidem
618 2225 848 2307 Romanorum,
871 2225 1020 2309 quitum
1043 2225 1098 2289 ad-

96 2318 200 2397 erant,
236 2313 315 2377 fletu
347 2317 380 2377 et
412 2313 537 2398 gemitu
568 2313 708 2377 maximo
742 2313 1009 2378 commovebare?
1059 2313 1098 2378 In

53 2419 82 2460 aa
96 2423 220 2466 crucem
247 2404 284 2465 tu
311 2422 408 2486 agere
436 2421 533 2465 ausus
561 2423 595 2466 es
624 2422 831 2485 quemquam,
859 2402 914 2485 qui
937 2423 971 2466 se
994 2401 1098 2466 civem

96 2489 278 2553 Romanum
297 2509 367 2552 esse
386 2488 527 2553 diceret?
564 2487 664 2554 Nolui
681 2493 751 2553 tam
771 2490 979 2554 vehementer
1002 2511 1098 2574 agere

95 2578 156 2642 hoc
182 2576 288 2660 prima
315 2577 454 2660 actione,
485 2577 618 2661 iudices,
650 2577 753 2661 nolui3
781 2577 907 2642 vidistis
936 2578 1035 2661 enim,
1061 2582 1098 2642 ut

96 2665 195 2729 animi
222 2664 439 2729 multitudinis
466 2664 502 2728 in
527 2666 627 2730 istum
655 2665 766 2730 dolore
794 2669 827 2728 et
854 2665 927 2729 odio
957 2669 989 2728 et
1015 2687 1098 2729 com·

96 2753 200 2816 munis
236 2753 372 2836 periculi
408 2756 497 2817 metu
531 2754 778 2818 concitarentur.
829 2750 937 2816 Statui
969 2757 1098 2836 egomet

55 2859 83 2899 so
97 2840 176 2904 mihi
189 2844 259 2904 tum
272 2840 404 2905 modum
422 2840 561 2905 orationi
580 2863 670 2905 meae
689 2845 722 2905 et
737 2837 771 2904 (l.
781 2838 977 2922 Numitorio,
996 2840 1097 2922 equiti

95 2928 255 3011 Romano,
286 2929 392 3012 primo
422 2928 561 3012 homini,
587 2929 666 2993 testi
692 2948 778 3009 meo,
806 2930 839 2990 et
865 2927 925 2991 Μ’.
949 2926 1097 2992 Glabrio-

95 3037 176 3100 nem,
198 3015 232 3078 id
251 3016 337 3099 quod
356 3016 595 3099 sapientissime
614 3015 701 3099 fecit,
723 3014 829 3079 facero
851 3014 992 3079 laetatus
1017 3036 1097 3100 sum,

94 3109 131 3168 ut
156 3107 289 3187 repente
316 3103 487 3167 consilium
513 3103 549 3166 in
571 3102 676 3168 medio
699 3101 886 3168 testimonio
910 3102 1097 3168 dimitteret.

95 3192 225 3257 Etenim
251 3190 438 3274 verebatur,
463 3211 504 3254 ne
531 3191 670 3274 populus
693 3189 859 3256 Romanus
887 3191 928 3255 ab
953 3191 1018 3256 isto
1042 3213 1096 3256 eas

58 3297 83 3339 ³5
96 3301 213 3364 poenas
241 3279 275 3343 vi
301 3278 458 3363 repetisse
485 3279 661 3363 videretur,
690 3301 769 3362 quas
797 3279 919 3344 veritus
948 3284 1097 3344 essetne

95 3368 155 3432 iste
182 3367 311 3453 legibus
335 3389 373 3432 ac
395 3370 504 3432 vestro
528 3367 645 3432 iudicio
667 3389 734 3432 non
756 3371 842 3432 esset
864 3367 1097 3452 persoluturus

96 3453 195 3540 Nune,
210 3455 363 3540 quoniam
376 3455 467 3537 [iam]
483 3457 687 3541 exploratum
702 3459 752 3520 est
765 3455 923 3540 omnibus,
938 3478 1001 3539 quo
1015 3457 1149 3521 loco164
1243 3429 1244 3502 l
