2504 3876
189 204 256 269 420
490 200 529 256 In
548 201 577 258 O.
592 199 747 254 VERREM
764 198 845 256 AGT.
864 200 899 254 Il.

136 322 199 452 ᾖξ’
256 347 468 415 Acerbiorem
494 345 595 411 etiam
621 345 738 410 scitote
764 365 835 409 esse
862 344 1060 410 civitatibus
1090 346 1202 412 falsam

190 442 290 503 ratam
322 440 355 502 at
386 435 574 501 simulatam
604 433 815 518 emptionem,
847 455 945 516 quam
972 434 1004 498 si
1034 436 1099 520 qui
1127 437 1202 501 clam

190 525 352 610 subripiat
373 528 430 590 aut
453 523 570 609 eripiat
592 522 702 608 palam
725 526 822 607 atque
845 521 981 587 auferat
1026 523 1124 590 Nam
1147 529 1203 590 tur-

190 613 371 700 pitudinem
392 634 553 678 summanr
572 633 643 677 esso
661 610 863 676 arbitrantur
881 609 996 674 referri
1016 610 1053 676 in
1075 613 1202 678 tabulas

190 702 337 788 publicas
365 701 471 787 pretio
497 700 670 802 adductam
692 698 873 800 civitatem,
900 701 933 764 et
955 699 1071 799 pretio
1097 724 1219 786 parvos

191 786 1097 945 {tirtttsstttlmtaltsstlnlttldizt
1111 795 1204 942 stt:

190 968 278 1052 istis,
317 989 398 1053 quas
434 986 494 1032 nos
530 965 781 1048 contemnimus,
817 962 1030 1029 delectantur.
1091 964 1204 1050 Itaque

190 1057 330 1122 maiores
348 1055 453 1121 nostri
470 1053 565 1120 facile
586 1053 795 1138 patiebantur
817 1051 896 1116 haec
919 1073 989 1116 asse
1015 1054 1110 1137 apud
1133 1056 1204 1120 illos

191 1167 288 1232 quam
312 1144 467 1230 plurima,
494 1143 579 1227 apud
603 1141 721 1225 socios,
742 1143 780 1206 ut
802 1139 938 1224 imperio
961 1144 1085 1206 nostro
1111 1163 1225 1227 quani

191 1232 403 1300 ornatissumi
424 1230 719 1313 florentissumiqua
742 1232 862 1312 essant5
890 1227 977 1312 apud
1000 1250 1059 1294 eos
1087 1236 1204 1314 autem,

192 1343 272 1406 quos
292 1319 461 1406 vectigalis
481 1322 539 1384 aut
559 1317 787 1402 stipendiarios
808 1315 962 1400 fecerant,
985 1320 1107 1384 tamen
1128 1320 1204 1386 haec

190 1409 432 1493 relinquebant,
454 1412 492 1473 ut
513 1406 577 1491 illi,
600 1406 717 1491 quibus
740 1405 819 1470 haec
841 1404 980 1470 iucunda
1004 1411 1102 1491 sunt,
1127 1431 1203 1494 quaa

191 1497 286 1563 nobis
314 1497 399 1562 levia
425 1496 589 1578 videntur,
615 1495 774 1559 haberent
797 1493 878 1558 hacc
900 1493 1155 1562 oblectamenta
1178 1502 1203 1560 et

140 1599 191 1650 135
210 1585 333 1652 solacia
351 1585 527 1650 servitutis.
559 1582 643 1660 Quid
661 1581 867 1647 arbitramini
884 1581 1040 1667 Reginos,
1061 1587 1125 1668 qui
1142 1587 1202 1650 iam
1213 1603 1225 1641 1³

138 2961 180 3025 61

191 1674 277 1741 cives
296 1674 438 1738 Romani
456 1676 540 1756 sunt,
563 1692 686 1737 merere
709 1670 803 1754 velle,
826 1673 863 1735 ut
887 1669 928 1734 ab
951 1669 991 1734 iis
1017 1694 1203 1739 marmorea

189 1762 300 1829 Vanus
327 1763 388 1828 illa
415 1761 601 1826 auferatur?
633 1759 711 1844 quid
737 1757 943 1841 Tarentinos,
971 1761 1010 1822 ut
1033 1759 1203 1848 Europam

190 1852 225 1917 in
243 1856 338 1917 tauro
358 1851 522 1932 amittant,
543 1853 580 1913 ut
600 1847 762 1932 Satyrum,
785 1847 841 1930 qui
859 1846 945 1931 apud
963 1846 1042 1912 illos
1067 1848 1108 1914 in
1131 1852 1203 1915 aede

189 1939 312 2005 Vestae
334 1943 394 2023 est,
416 1943 453 2003 ut
476 1937 604 2004 cetera?
628 1936 705 2020 quid
727 1934 951 2020 Thespicnaes,
974 1938 1012 1999 ut
1033 1935 1203 2023 Cupidinis

191 2029 322 2115 signum
345 2030 494 2112 [propter
517 2025 603 2110 quod
624 2045 725 2088 unum
746 2023 896 2089 visuntur
913 2021 1108 2111 ThespiaeJ,
1132 2029 1221 2113 quin

191 2116 337 2202 Cnidios,
368 2119 405 2180 ut
427 2115 587 2180 Venerem
617 2133 846 2196 marmoream,
878 2110 969 2196 quid,
1000 2117 1041 2178 ut
1072 2115 1203 2200 pictam

191 2204 290 2288 Coos,
313 2203 390 2289 quid
408 2203 582 2289 Ephesios,
605 2205 642 2266 ut
656 2199 890 2281 Alexandrum,
913 2199 990 2284 quid
1015 2199 1203 2288 Cyzicenos,

191 2297 230 2359 ut
251 2292 384 2357 Aiacem
413 2295 470 2357 aut
496 2290 656 2373 Medeam,
689 2288 765 2373 quid
792 2287 951 2372 Rhodios,
978 2292 1017 2354 ut
1046 2289 1203 2376 Ialysum,

192 2380 270 2466 quid
283 2379 507 2464 Athenienses,
525 2384 562 2444 ut
576 2401 614 2443 ex
628 2398 789 2442 marmore
802 2377 953 2442 Iacchum
973 2381 1033 2442 aut
1047 2379 1203 2447 Paralum

192 2469 315 2555 pictum
343 2471 399 2532 aut
426 2491 465 2534 ox
492 2490 565 2532 aare
587 2465 732 2550 Myronis
755 2465 929 2530 buculam?
974 2463 1136 2553 Longum
1161 2475 1222 2535 est:

192 2560 226 2622 et
251 2577 317 2621 non
343 2556 559 2621 necessarium
585 2574 852 2637 commemorare,
880 2574 961 2638 quae
990 2557 1082 2639 apud
1114 2580 1203 2643 quos·

192 2666 254 2729 qua
280 2643 414 2710 visenda
441 2644 507 2709 sint
534 2646 606 2709 tota
628 2642 710 2707 Asia
736 2645 769 2706 et
796 2639 945 2725 Graecia3
974 2663 1096 2710 verum
1126 2647 1203 2712 illud

192 2737 251 2818 ast,
269 2754 367 2817 quam
383 2732 426 2797 ob
445 2754 513 2797 rem
531 2732 611 2796 haec
629 2751 887 2812 commemorem,
907 2728 992 2813 quod
1011 2732 1202 2801 existimare

190 2822 252 2888 hoo
275 2843 334 2887 vos
357 2821 446 2905 volo,
470 2820 589 2885 mirum
612 2819 771 2902 quendam
795 2817 941 2883 dolorem
964 2819 1120 2904 accipere
1144 2846 1202 2906 eos,

192 2933 230 2976 ex
254 2931 391 2994 quorum
413 2909 548 2973 urbibus
571 2907 651 2972 haec
674 2905 872 2972 auferantur.
1210 2928 1217 2965 i

141 3039 190 3088 136
259 2998 367 3081 Atque
390 3001 428 3062 ut
451 3000 574 3062 cetoros
598 2995 798 3078 omittamus,
821 2994 859 3059 de
882 2994 963 3079 ipsis
986 2992 1201 3078 Syracusanis

191 3086 384 3172 cognoscite.
425 3085 478 3150 Ad
510 3105 591 3169 quos
624 3105 684 3168 ego
712 3106 786 3149 cum
812 3083 986 3167 venissem,
1018 3084 1067 3150 sic
1099 3090 1200 3172 primo

192 3173 432 3256 existimabam,
458 3176 496 3238 ut
522 3173 646 3238 Romae
675 3193 714 3236 ex
740 3171 834 3235 istius
862 3171 973 3236 amicis
1002 3193 1200 3260 acceperam,

192 3260 356 3324 crvitatem
384 3259 618 3342 Syracusanam
650 3262 782 3344 propter
810 3258 954 3324 Heraclii
981 3260 1222 3340 hereditatem}

191 3365 258 3407 non
272 3343 378 3408 minus
393 3368 462 3410 csse
476 3348 533 3410 isti
547 3347 692 3429 amicam,
710 3368 806 3430 quam
820 3345 1052 3414 Mamertinam
1066 3358 1199 3438 propter
1208 3365 1222 3406 ³³

192 3429 386 3512 praedarum
405 3455 443 3496 ac
463 3433 624 3498 furtorum
648 3433 792 3497 omnium
816 3435 1020 3521 societatem3
1046 3438 1151 3506 simul
1174 3445 1199 3506 el

192 3515 337 3595 verebar,
359 3539 399 3579 ne
418 3518 589 3582 mulierum
607 3520 766 3584 nobilium
785 3524 818 3584 et
838 3520 1060 3589 formosarum
1086 3531 1199 3612 gratia,
