<?xml version="1.0" encoding="UTF-8"?>
<!DOCTYPE html PUBLIC "-//W3C//DTD XHTML 1.0 Transitional//EN"
    "http://www.w3.org/TR/xhtml1/DTD/xhtml1-transitional.dtd">
<html xmlns="http://www.w3.org/1999/xhtml" xml:lang="en" lang="en">
 <head>
  <title>
</title>
<meta http-equiv="Content-Type" content="text/html;charset=utf-8" />
  <meta name='ocr-system' content='tesseract 3.04.00' />
  <meta name='ocr-capabilities' content='ocr_page ocr_carea ocr_par ocr_line ocrx_word'/>
</head>
<body>
  <div class='ocr_page' id='page_1' title='image "./scriptaquaemans01mullgoog_0466.png"; bbox 0 0 2600 3878; ppageno 0'>
   <div class='ocr_carea' id='block_1_1' title="bbox 363 161 1129 280">
    <p class='ocr_par' dir='ltr' id='par_1_1' title="bbox 363 161 1129 280">
     <span class='ocr_line' id='line_1_1' title="bbox 363 161 1129 280; baseline 0.022 -19"><span class='ocrx_word' id='word_1_1' title='bbox 363 161 432 263; x_wconf 75' lang='lat' dir='ltr'><strong>ins.</strong></span> <span class='ocrx_word' id='word_1_2' title='bbox 450 208 491 263; x_wconf 89' lang='lat'><strong>111</strong></span> <span class='ocrx_word' id='word_1_3' title='bbox 518 207 594 265; x_wconf 77' lang='lat' dir='ltr'>OAP.</span> <span class='ocrx_word' id='word_1_4' title='bbox 614 216 719 267; x_wconf 77' lang='lat' dir='ltr'><strong>ec-ae</strong></span> <span class='ocrx_word' id='word_1_5' title='bbox 740 217 887 268; x_wconf 78' lang='lat' dir='ltr'><strong>rar-199.</strong></span> <span class='ocrx_word' id='word_1_6' title='bbox 1067 183 1129 280; x_wconf 72' lang='lat'><strong>{³51</strong></span> 
     </span>
    </p>
   </div>
   <div class='ocr_carea' id='block_1_2' title="bbox 2 351 1208 3619">
    <p class='ocr_par' dir='ltr' id='par_1_2' title="bbox 2 351 1208 3619">
     <span class='ocr_line' id='line_1_2' title="bbox 119 351 1131 442; baseline 0.008 -25"><span class='ocrx_word' id='word_1_7' title='bbox 119 351 223 417; x_wconf 86' lang='lat' dir='ltr'><strong>Video</strong></span> <span class='ocrx_word' id='word_1_8' title='bbox 251 374 323 418; x_wconf 88' lang='lat' dir='ltr'><strong>csse</strong></span> <span class='ocrx_word' id='word_1_9' title='bbox 349 353 436 418; x_wconf 91' lang='lat' dir='ltr'><strong>binis</strong></span> <span class='ocrx_word' id='word_1_10' title='bbox 459 351 524 419; x_wconf 82' lang='lat' dir='ltr'><strong>HS.</strong></span> <span class='ocrx_word' id='word_1_11' title='bbox 551 391 595 400; x_wconf 92' lang='lat'><em>-</em></span> <span class='ocrx_word' id='word_1_12' title='bbox 622 352 707 429; x_wconf 78' lang='lat' dir='ltr'><strong>Quid</strong></span> <span class='ocrx_word' id='word_1_13' title='bbox 732 377 811 442; x_wconf 82' lang='lat' dir='ltr'><strong>ergo</strong></span> <span class='ocrx_word' id='word_1_14' title='bbox 840 380 860 422; x_wconf 92' lang='lat' dir='ltr'><strong>a</strong></span> <span class='ocrx_word' id='word_1_15' title='bbox 882 379 935 422; x_wconf 88' lang='lat' dir='ltr'><strong>me</strong></span> <span class='ocrx_word' id='word_1_16' title='bbox 956 357 1019 423; x_wconf 93' lang='lat' dir='ltr'><strong>tibi</strong></span> <span class='ocrx_word' id='word_1_17' title='bbox 1040 381 1131 425; x_wconf 86' lang='lat' dir='ltr'><strong>num·</strong></span> 
     </span>
     <span class='ocr_line' id='line_1_3' title="bbox 120 441 1132 531; baseline 0.008 -25"><span class='ocrx_word' id='word_1_18' title='bbox 120 463 248 507; x_wconf 89' lang='lat' dir='ltr'><strong>morum</strong></span> <span class='ocrx_word' id='word_1_19' title='bbox 276 441 346 506; x_wconf 90' lang='lat' dir='ltr'><strong>dari</strong></span> <span class='ocrx_word' id='word_1_20' title='bbox 373 445 496 526; x_wconf 88' lang='lat' dir='ltr'><strong>potest,</strong></span> <span class='ocrx_word' id='word_1_21' title='bbox 524 464 597 508; x_wconf 88' lang='lat' dir='ltr'><strong>oum</strong></span> <span class='ocrx_word' id='word_1_22' title='bbox 624 447 756 509; x_wconf 88' lang='lat' dir='ltr'><strong>senatus</strong></span> <span class='ocrx_word' id='word_1_23' title='bbox 784 445 846 509; x_wconf 89' lang='lat' dir='ltr'><strong>tibi</strong></span> <span class='ocrx_word' id='word_1_24' title='bbox 873 450 1048 531; x_wconf 87' lang='lat' dir='ltr'><strong>quaternos</strong></span> <span class='ocrx_word' id='word_1_25' title='bbox 1076 446 1132 514; x_wconf 86' lang='lat' dir='ltr'><strong>HS</strong></span> 
     </span>
     <span class='ocr_line' id='line_1_4' title="bbox 120 528 1208 622; baseline 0.008 -28"><span class='ocrx_word' id='word_1_26' title='bbox 120 529 265 595; x_wconf 77' lang='lat' dir='ltr'><strong>dederit?</strong></span> <span class='ocrx_word' id='word_1_27' title='bbox 296 565 333 576; x_wconf 89' lang='lat'>—</span> <span class='ocrx_word' id='word_1_28' title='bbox 365 528 449 605; x_wconf 79' lang='lat' dir='ltr'><strong>Quid</strong></span> <span class='ocrx_word' id='word_1_29' title='bbox 475 531 603 615; x_wconf 90' lang='lat' dir='ltr'><strong>poscit?</strong></span> <span class='ocrx_word' id='word_1_30' title='bbox 649 530 819 598; x_wconf 87' lang='lat' dir='ltr'><strong>Attendite</strong></span> <span class='ocrx_word' id='word_1_31' title='bbox 847 537 893 618; x_wconf 91' lang='lat' dir='ltr'><strong>et,</strong></span> <span class='ocrx_word' id='word_1_32' title='bbox 920 557 979 600; x_wconf 88' lang='lat' dir='ltr'><strong>vos</strong></span> <span class='ocrx_word' id='word_1_33' title='bbox 1003 558 1132 622; x_wconf 78' lang='lat' dir='ltr'>quaeso,</span> <span class='ocrx_word' id='word_1_34' title='bbox 1206 611 1208 614; x_wconf 50' lang='grc'><strong>,</strong></span> 
     </span>
     <span class='ocr_line' id='line_1_5' title="bbox 119 617 1184 704; baseline 0.006 -21"><span class='ocrx_word' id='word_1_35' title='bbox 119 617 254 703; x_wconf 89' lang='lat' dir='ltr'><strong>iudices,</strong></span> <span class='ocrx_word' id='word_1_36' title='bbox 282 619 379 684; x_wconf 89' lang='lat' dir='ltr'><strong>simul</strong></span> <span class='ocrx_word' id='word_1_37' title='bbox 407 619 607 704; x_wconf 75' lang='lat' dir='ltr'>aequitatem</span> <span class='ocrx_word' id='word_1_38' title='bbox 633 621 794 704; x_wconf 89' lang='lat' dir='ltr'><strong>praetoris</strong></span> <span class='ocrx_word' id='word_1_39' title='bbox 818 622 986 689; x_wconf 85' lang='lat' dir='ltr'><strong>attendite.</strong></span> <span class='ocrx_word' id='word_1_40' title='bbox 1029 624 1184 700; x_wconf 70' lang='lat' dir='ltr'><strong>Qua-19⁵1</strong></span> 
     </span>
     <span class='ocr_line' id='line_1_6' title="bbox 92 704 1131 792; baseline 0.008 -22"><span class='ocrx_word' id='word_1_41' title='bbox 92 712 230 772; x_wconf 80' lang='lat' dir='ltr'><strong>sternos</strong></span> <span class='ocrx_word' id='word_1_42' title='bbox 253 704 324 791; x_wconf 86' lang='lat' dir='ltr'><strong>HS,</strong></span> <span class='ocrx_word' id='word_1_43' title='bbox 351 729 432 792; x_wconf 89' lang='lat' dir='ltr'><strong>quos</strong></span> <span class='ocrx_word' id='word_1_44' title='bbox 461 708 542 772; x_wconf 92' lang='lat' dir='ltr'><strong>mihi</strong></span> <span class='ocrx_word' id='word_1_45' title='bbox 568 712 699 774; x_wconf 90' lang='lat' dir='ltr'><strong>senatus</strong></span> <span class='ocrx_word' id='word_1_46' title='bbox 723 709 864 776; x_wconf 82' lang='lat' dir='ltr'><strong>decrerit</strong></span> <span class='ocrx_word' id='word_1_47' title='bbox 887 714 920 775; x_wconf 93' lang='lat' dir='ltr'><strong>et</strong></span> <span class='ocrx_word' id='word_1_48' title='bbox 943 733 982 776; x_wconf 88' lang='lat' dir='ltr'><strong>ex</strong></span> <span class='ocrx_word' id='word_1_49' title='bbox 1005 714 1131 778; x_wconf 90' lang='lat' dir='ltr'><strong>aerario</strong></span> 
     </span>
     <span class='ocr_line' id='line_1_7' title="bbox 120 795 1131 884; baseline 0.006 -24"><span class='ocrx_word' id='word_1_50' title='bbox 120 795 221 879; x_wconf 90' lang='lat' dir='ltr'><strong>dedit,</strong></span> <span class='ocrx_word' id='word_1_51' title='bbox 250 817 311 882; x_wconf 81' lang='lat' dir='ltr'><strong>ego</strong></span> <span class='ocrx_word' id='word_1_52' title='bbox 338 796 467 861; x_wconf 91' lang='lat' dir='ltr'><strong>habebo</strong></span> <span class='ocrx_word' id='word_1_53' title='bbox 496 800 529 862; x_wconf 92' lang='lat' dir='ltr'><strong>et</strong></span> <span class='ocrx_word' id='word_1_54' title='bbox 555 796 591 861; x_wconf 92' lang='lat' dir='ltr'><strong>in</strong></span> <span class='ocrx_word' id='word_1_55' title='bbox 617 797 734 862; x_wconf 79' lang='lat' dir='ltr'><strong>cistam</strong></span> <span class='ocrx_word' id='word_1_56' title='bbox 762 799 957 884; x_wconf 80' lang='lat' dir='ltr'><strong>transferam</strong></span> <span class='ocrx_word' id='word_1_57' title='bbox 983 799 1022 864; x_wconf 91' lang='lat' dir='ltr'><strong>de</strong></span> <span class='ocrx_word' id='word_1_58' title='bbox 1044 801 1131 866; x_wconf 88' lang='lat' dir='ltr'><strong>fisco.</strong></span> 
     </span>
     <span class='ocr_line' id='line_1_8' title="bbox 121 882 1133 971; baseline 0.007 -24"><span class='ocrx_word' id='word_1_59' title='bbox 121 921 162 931; x_wconf 96' lang='lat'><em>-</em></span> <span class='ocrx_word' id='word_1_60' title='bbox 174 882 259 959; x_wconf 79' lang='lat' dir='ltr'><strong>Quid</strong></span> <span class='ocrx_word' id='word_1_61' title='bbox 271 885 410 969; x_wconf 88' lang='lat' dir='ltr'><strong>postea?</strong></span> <span class='ocrx_word' id='word_1_62' title='bbox 429 884 529 970; x_wconf 88' lang='lat' dir='ltr'><strong>quid?</strong></span> <span class='ocrx_word' id='word_1_63' title='bbox 542 921 587 932; x_wconf 89' lang='lat'>-</span> <span class='ocrx_word' id='word_1_64' title='bbox 600 885 663 950; x_wconf 89' lang='lat' dir='ltr'><strong>Pro</strong></span> <span class='ocrx_word' id='word_1_65' title='bbox 679 885 818 971; x_wconf 83' lang='lat' dir='ltr'><strong>singulis</strong></span> <span class='ocrx_word' id='word_1_66' title='bbox 832 886 959 971; x_wconf 90' lang='lat' dir='ltr'><strong>modiis,</strong></span> <span class='ocrx_word' id='word_1_67' title='bbox 973 909 1055 971; x_wconf 90' lang='lat' dir='ltr'><strong>quos</strong></span> <span class='ocrx_word' id='word_1_68' title='bbox 1069 889 1133 954; x_wconf 91' lang='lat' dir='ltr'><strong>tibi</strong></span> 
     </span>
     <span class='ocr_line' id='line_1_9' title="bbox 118 971 1131 1057; baseline 0.004 -19"><span class='ocrx_word' id='word_1_69' title='bbox 118 972 259 1057; x_wconf 88' lang='lat' dir='ltr'><strong>impero,</strong></span> <span class='ocrx_word' id='word_1_70' title='bbox 286 976 324 1038; x_wconf 89' lang='lat' dir='ltr'><strong>tu</strong></span> <span class='ocrx_word' id='word_1_71' title='bbox 351 973 432 1038; x_wconf 92' lang='lat' dir='ltr'><strong>mihi</strong></span> <span class='ocrx_word' id='word_1_72' title='bbox 460 977 594 1039; x_wconf 89' lang='lat' dir='ltr'><strong>octonos</strong></span> <span class='ocrx_word' id='word_1_73' title='bbox 620 971 677 1038; x_wconf 85' lang='lat' dir='ltr'><strong>HS</strong></span> <span class='ocrx_word' id='word_1_74' title='bbox 705 974 792 1040; x_wconf 87' lang='lat' dir='ltr'><strong>dato.</strong></span> <span class='ocrx_word' id='word_1_75' title='bbox 821 1011 859 1022; x_wconf 91' lang='lat'><em>-</em></span> <span class='ocrx_word' id='word_1_76' title='bbox 889 973 961 1050; x_wconf 78' lang='lat' dir='ltr'><strong>Qua</strong></span> <span class='ocrx_word' id='word_1_77' title='bbox 982 975 1131 1042; x_wconf 89' lang='lat' dir='ltr'><strong>ratione?</strong></span> 
     </span>
     <span class='ocr_line' id='line_1_10' title="bbox 123 1061 1132 1146; baseline 0.004 -20"><span class='ocrx_word' id='word_1_78' title='bbox 123 1097 162 1108; x_wconf 89' lang='lat'><em>-</em></span> <span class='ocrx_word' id='word_1_79' title='bbox 188 1061 272 1137; x_wconf 82' lang='lat' dir='ltr'><strong>Quid</strong></span> <span class='ocrx_word' id='word_1_80' title='bbox 295 1062 424 1146; x_wconf 86' lang='lat' dir='ltr'><strong>quaeris</strong></span> <span class='ocrx_word' id='word_1_81' title='bbox 447 1062 630 1128; x_wconf 90' lang='lat' dir='ltr'><strong>rationem?</strong></span> <span class='ocrx_word' id='word_1_82' title='bbox 657 1084 724 1128; x_wconf 95' lang='lat' dir='ltr'><strong>non</strong></span> <span class='ocrx_word' id='word_1_83' title='bbox 745 1066 874 1128; x_wconf 90' lang='lat' dir='ltr'><strong>tantam</strong></span> <span class='ocrx_word' id='word_1_84' title='bbox 895 1063 1057 1130; x_wconf 88' lang='lat' dir='ltr'><strong>rationem</strong></span> <span class='ocrx_word' id='word_1_85' title='bbox 1079 1086 1132 1130; x_wconf 88' lang='lat' dir='ltr'><strong>res</strong></span> 
     </span>
     <span class='ocr_line' id='line_1_11' title="bbox 81 1149 1132 1236; baseline 0.01 -29"><span class='ocrx_word' id='word_1_86' title='bbox 81 1169 106 1208; x_wconf 82' lang='lat' dir='ltr'><strong>ro</strong></span> <span class='ocrx_word' id='word_1_87' title='bbox 120 1149 235 1234; x_wconf 92' lang='lat' dir='ltr'><strong>habet,</strong></span> <span class='ocrx_word' id='word_1_88' title='bbox 267 1153 423 1234; x_wconf 85' lang='lat' dir='ltr'><strong>quantam</strong></span> <span class='ocrx_word' id='word_1_89' title='bbox 455 1150 633 1216; x_wconf 87' lang='lat' dir='ltr'><strong>utilitatem</strong></span> <span class='ocrx_word' id='word_1_90' title='bbox 667 1154 765 1236; x_wconf 88' lang='lat' dir='ltr'><strong>atque</strong></span> <span class='ocrx_word' id='word_1_91' title='bbox 790 1151 955 1236; x_wconf 75' lang='lat' dir='ltr'><strong>praedam.</strong></span> <span class='ocrx_word' id='word_1_92' title='bbox 986 1189 1031 1200; x_wconf 89' lang='lat'><em>-</em></span> <span class='ocrx_word' id='word_1_93' title='bbox 1062 1153 1132 1236; x_wconf 92' lang='lat' dir='ltr'><strong>Dio,</strong></span> 
     </span>
     <span class='ocr_line' id='line_1_12' title="bbox 121 1237 1132 1323; baseline 0.007 -21"><span class='ocrx_word' id='word_1_94' title='bbox 121 1238 181 1322; x_wconf 84' lang='lat' dir='ltr'><strong>dic,</strong></span> <span class='ocrx_word' id='word_1_95' title='bbox 202 1238 310 1323; x_wconf 90' lang='lat' dir='ltr'><strong>inquit</strong></span> <span class='ocrx_word' id='word_1_96' title='bbox 327 1239 393 1320; x_wconf 91' lang='lat' dir='ltr'><strong>ille,</strong></span> <span class='ocrx_word' id='word_1_97' title='bbox 416 1238 557 1322; x_wconf 88' lang='lat' dir='ltr'><strong>planius.</strong></span> <span class='ocrx_word' id='word_1_98' title='bbox 593 1237 731 1304; x_wconf 83' lang='lat' dir='ltr'><strong>Senatus</strong></span> <span class='ocrx_word' id='word_1_99' title='bbox 753 1243 788 1304; x_wconf 89' lang='lat' dir='ltr'><strong>te</strong></span> <span class='ocrx_word' id='word_1_100' title='bbox 811 1240 916 1306; x_wconf 87' lang='lat' dir='ltr'><strong>voluit</strong></span> <span class='ocrx_word' id='word_1_101' title='bbox 939 1240 1021 1306; x_wconf 91' lang='lat' dir='ltr'><strong>mihi</strong></span> <span class='ocrx_word' id='word_1_102' title='bbox 1042 1263 1132 1309; x_wconf 88' lang='lat' dir='ltr'><strong>num-</strong></span> 
     </span>
     <span class='ocr_line' id='line_1_13' title="bbox 120 1326 1132 1414; baseline 0.003 -23"><span class='ocrx_word' id='word_1_103' title='bbox 120 1348 205 1410; x_wconf 87' lang='lat' dir='ltr'><strong>mos,</strong></span> <span class='ocrx_word' id='word_1_104' title='bbox 227 1348 280 1392; x_wconf 90' lang='lat' dir='ltr'><strong>me</strong></span> <span class='ocrx_word' id='word_1_105' title='bbox 302 1327 365 1391; x_wconf 91' lang='lat' dir='ltr'><strong>tibi</strong></span> <span class='ocrx_word' id='word_1_106' title='bbox 388 1326 588 1392; x_wconf 85' lang='lat' dir='ltr'><strong>frumentum</strong></span> <span class='ocrx_word' id='word_1_107' title='bbox 610 1327 701 1411; x_wconf 88' lang='lat' dir='ltr'><strong>dare;</strong></span> <span class='ocrx_word' id='word_1_108' title='bbox 723 1331 761 1393; x_wconf 92' lang='lat' dir='ltr'><strong>tu</strong></span> <span class='ocrx_word' id='word_1_109' title='bbox 784 1349 839 1394; x_wconf 88' lang='lat' dir='ltr'><strong>eos</strong></span> <span class='ocrx_word' id='word_1_110' title='bbox 862 1350 1028 1414; x_wconf 84' lang='lat' dir='ltr'>nummos,</span> <span class='ocrx_word' id='word_1_111' title='bbox 1051 1351 1132 1414; x_wconf 91' lang='lat' dir='ltr'><strong>quos</strong></span> 
     </span>
     <span class='ocr_line' id='line_1_14' title="bbox 120 1415 1133 1501; baseline 0.003 -21"><span class='ocrx_word' id='word_1_112' title='bbox 120 1415 206 1484; x_wconf 84' lang='lat' dir='ltr'><strong>mihi</strong></span> <span class='ocrx_word' id='word_1_113' title='bbox 237 1419 370 1480; x_wconf 91' lang='lat' dir='ltr'><strong>senatus</strong></span> <span class='ocrx_word' id='word_1_114' title='bbox 407 1416 491 1480; x_wconf 86' lang='lat' dir='ltr'><strong>dare</strong></span> <span class='ocrx_word' id='word_1_115' title='bbox 521 1415 639 1499; x_wconf 81' lang='lat' dir='ltr'><strong>voluit,</strong></span> <span class='ocrx_word' id='word_1_116' title='bbox 674 1417 745 1500; x_wconf 93' lang='lat' dir='ltr'><strong>ipse</strong></span> <span class='ocrx_word' id='word_1_117' title='bbox 775 1417 892 1500; x_wconf 83' lang='lat' dir='ltr'><strong>habes3</strong></span> <span class='ocrx_word' id='word_1_118' title='bbox 929 1440 949 1482; x_wconf 88' lang='lat' dir='ltr'><strong>a</strong></span> <span class='ocrx_word' id='word_1_119' title='bbox 981 1439 1045 1501; x_wconf 89' lang='lat' dir='ltr'><strong>me,</strong></span> <span class='ocrx_word' id='word_1_120' title='bbox 1081 1419 1133 1483; x_wconf 87' lang='lat' dir='ltr'><strong>cui</strong></span> 
     </span>
     <span class='ocr_line' id='line_1_15' title="bbox 120 1503 1132 1590; baseline 0.002 -22"><span class='ocrx_word' id='word_1_121' title='bbox 120 1503 268 1590; x_wconf 83' lang='lat' dir='ltr'><strong>singulos</strong></span> <span class='ocrx_word' id='word_1_122' title='bbox 310 1503 381 1569; x_wconf 87' lang='lat' dir='ltr'><strong>dari</strong></span> <span class='ocrx_word' id='word_1_123' title='bbox 422 1504 572 1569; x_wconf 87' lang='lat' dir='ltr'><strong>denarios</strong></span> <span class='ocrx_word' id='word_1_124' title='bbox 614 1505 774 1588; x_wconf 91' lang='lat' dir='ltr'><strong>oportuit,</strong></span> <span class='ocrx_word' id='word_1_125' title='bbox 813 1505 909 1570; x_wconf 90' lang='lat' dir='ltr'><strong>binos</strong></span> <span class='ocrx_word' id='word_1_126' title='bbox 951 1505 1059 1570; x_wconf 89' lang='lat' dir='ltr'><strong>aufers</strong></span> <span class='ocrx_word' id='word_1_127' title='bbox 1099 1511 1132 1571; x_wconf 89' lang='lat' dir='ltr'><strong>et</strong></span> 
     </span>
     <span class='ocr_line' id='line_1_16' title="bbox 80 1592 1133 1679; baseline 0.005 -23"><span class='ocrx_word' id='word_1_128' title='bbox 80 1608 106 1650; x_wconf 81' lang='lat'><strong>1⁵</strong></span> <span class='ocrx_word' id='word_1_129' title='bbox 119 1593 196 1657; x_wconf 91' lang='lat' dir='ltr'><strong>huic</strong></span> <span class='ocrx_word' id='word_1_130' title='bbox 230 1592 370 1676; x_wconf 82' lang='lat' dir='ltr'><strong>praedae</strong></span> <span class='ocrx_word' id='word_1_131' title='bbox 406 1614 444 1657; x_wconf 89' lang='lat' dir='ltr'><strong>ac</strong></span> <span class='ocrx_word' id='word_1_132' title='bbox 481 1592 655 1676; x_wconf 83' lang='lat' dir='ltr'><strong>direptioni</strong></span> <span class='ocrx_word' id='word_1_133' title='bbox 685 1593 787 1659; x_wconf 87' lang='lat' dir='ltr'><strong>cellae</strong></span> <span class='ocrx_word' id='word_1_134' title='bbox 818 1614 938 1658; x_wconf 91' lang='lat' dir='ltr'><strong>nomen</strong></span> <span class='ocrx_word' id='word_1_135' title='bbox 968 1594 1133 1679; x_wconf 79' lang='lat' dir='ltr'><strong>imponis?</strong></span> 
     </span>
     <span class='ocr_line' id='line_1_17' title="bbox 119 1679 1186 1757; baseline 0.002 -12"><span class='ocrx_word' id='word_1_136' title='bbox 119 1679 210 1745; x_wconf 87' lang='lat' dir='ltr'><strong>Haec</strong></span> <span class='ocrx_word' id='word_1_137' title='bbox 237 1681 349 1745; x_wconf 88' lang='lat' dir='ltr'><strong>deerat</strong></span> <span class='ocrx_word' id='word_1_138' title='bbox 373 1680 494 1744; x_wconf 88' lang='lat' dir='ltr'><strong>iniuria</strong></span> <span class='ocrx_word' id='word_1_139' title='bbox 521 1684 554 1745; x_wconf 91' lang='lat' dir='ltr'><strong>et</strong></span> <span class='ocrx_word' id='word_1_140' title='bbox 576 1680 657 1745; x_wconf 91' lang='lat' dir='ltr'><strong>haec</strong></span> <span class='ocrx_word' id='word_1_141' title='bbox 679 1681 849 1747; x_wconf 90' lang='lat' dir='ltr'><strong>calamitas</strong></span> <span class='ocrx_word' id='word_1_142' title='bbox 873 1683 1058 1747; x_wconf 89' lang='lat' dir='ltr'><strong>aratoribus</strong></span> <span class='ocrx_word' id='word_1_143' title='bbox 1080 1687 1115 1748; x_wconf 89' lang='lat' dir='ltr'><strong>te</strong></span> <span class='ocrx_word' id='word_1_144' title='bbox 1135 1705 1186 1757; x_wconf 81' lang='lat'><strong>198</strong></span> 
     </span>
     <span class='ocr_line' id='line_1_18' title="bbox 39 1767 1132 1853; baseline 0.001 -20"><span class='ocrx_word' id='word_1_145' title='bbox 39 1797 44 1809; x_wconf 94' lang='lat'><strong>·</strong></span> <span class='ocrx_word' id='word_1_146' title='bbox 120 1771 286 1852; x_wconf 89' lang='lat' dir='ltr'><strong>praetore,</strong></span> <span class='ocrx_word' id='word_1_147' title='bbox 314 1790 378 1853; x_wconf 90' lang='lat' dir='ltr'><strong>qua</strong></span> <span class='ocrx_word' id='word_1_148' title='bbox 405 1768 540 1852; x_wconf 88' lang='lat' dir='ltr'><strong>reliquis</strong></span> <span class='ocrx_word' id='word_1_149' title='bbox 563 1767 704 1834; x_wconf 83' lang='lat' dir='ltr'><strong>fortunis</strong></span> <span class='ocrx_word' id='word_1_150' title='bbox 728 1770 877 1834; x_wconf 91' lang='lat' dir='ltr'><strong>omnibus</strong></span> <span class='ocrx_word' id='word_1_151' title='bbox 901 1773 1132 1835; x_wconf 72' lang='lat' dir='ltr'><strong>everterentur.</strong></span> 
     </span>
     <span class='ocr_line' id='line_1_19' title="bbox 120 1855 1132 1941; baseline 0.003 -20"><span class='ocrx_word' id='word_1_152' title='bbox 120 1855 207 1921; x_wconf 90' lang='lat' dir='ltr'><strong>Nam</strong></span> <span class='ocrx_word' id='word_1_153' title='bbox 222 1856 299 1940; x_wconf 90' lang='lat' dir='ltr'><strong>quid</strong></span> <span class='ocrx_word' id='word_1_154' title='bbox 313 1878 383 1922; x_wconf 90' lang='lat' dir='ltr'><strong>esse</strong></span> <span class='ocrx_word' id='word_1_155' title='bbox 396 1856 515 1940; x_wconf 87' lang='lat' dir='ltr'><strong>reliqui</strong></span> <span class='ocrx_word' id='word_1_156' title='bbox 530 1861 660 1940; x_wconf 90' lang='lat' dir='ltr'><strong>poterat</strong></span> <span class='ocrx_word' id='word_1_157' title='bbox 674 1857 712 1941; x_wconf 91' lang='lat' dir='ltr'><strong>ei,</strong></span> <span class='ocrx_word' id='word_1_158' title='bbox 731 1857 787 1941; x_wconf 88' lang='lat' dir='ltr'><strong>qui</strong></span> <span class='ocrx_word' id='word_1_159' title='bbox 802 1879 861 1941; x_wconf 89' lang='lat' dir='ltr'><strong>per</strong></span> <span class='ocrx_word' id='word_1_160' title='bbox 878 1858 962 1923; x_wconf 88' lang='lat' dir='ltr'><strong>hanc</strong></span> <span class='ocrx_word' id='word_1_161' title='bbox 980 1858 1132 1924; x_wconf 89' lang='lat' dir='ltr'><strong>iniuriam</strong></span> 
     </span>
     <span class='ocr_line' id='line_1_20' title="bbox 119 1945 1132 2029; baseline 0.001 -19"><span class='ocrx_word' id='word_1_162' title='bbox 119 1967 187 2010; x_wconf 92' lang='lat' dir='ltr'><strong>non</strong></span> <span class='ocrx_word' id='word_1_163' title='bbox 213 1945 310 2010; x_wconf 89' lang='lat' dir='ltr'><strong>modo</strong></span> <span class='ocrx_word' id='word_1_164' title='bbox 337 1945 480 2010; x_wconf 85' lang='lat' dir='ltr'><strong>fructum</strong></span> <span class='ocrx_word' id='word_1_165' title='bbox 508 1967 637 2010; x_wconf 89' lang='lat' dir='ltr'><strong>omnem</strong></span> <span class='ocrx_word' id='word_1_166' title='bbox 665 1945 845 2029; x_wconf 85' lang='lat' dir='ltr'><strong>amitteret,</strong></span> <span class='ocrx_word' id='word_1_167' title='bbox 876 1945 932 2010; x_wconf 92' lang='lat' dir='ltr'><strong>sed</strong></span> <span class='ocrx_word' id='word_1_168' title='bbox 959 1946 1059 2011; x_wconf 91' lang='lat' dir='ltr'><strong>etiam</strong></span> <span class='ocrx_word' id='word_1_169' title='bbox 1085 1947 1132 2011; x_wconf 94' lang='lat' dir='ltr'><strong>in-</strong></span> 
     </span>
     <span class='ocr_line' id='line_1_21' title="bbox 80 2033 1132 2120; baseline 0.008 -28"><span class='ocrx_word' id='word_1_170' title='bbox 80 2052 107 2092; x_wconf 83' lang='lat' dir='ltr'><strong>so</strong></span> <span class='ocrx_word' id='word_1_171' title='bbox 121 2037 340 2099; x_wconf 87' lang='lat' dir='ltr'><strong>strumentum</strong></span> <span class='ocrx_word' id='word_1_172' title='bbox 358 2033 495 2117; x_wconf 86' lang='lat' dir='ltr'><strong>vendere</strong></span> <span class='ocrx_word' id='word_1_173' title='bbox 513 2035 705 2120; x_wconf 82' lang='lat' dir='ltr'><strong>cogeretur?</strong></span> <span class='ocrx_word' id='word_1_174' title='bbox 743 2034 890 2110; x_wconf 84' lang='lat' dir='ltr'><strong>Quonam</strong></span> <span class='ocrx_word' id='word_1_175' title='bbox 910 2055 945 2099; x_wconf 89' lang='lat' dir='ltr'><strong>se</strong></span> <span class='ocrx_word' id='word_1_176' title='bbox 967 2035 1132 2100; x_wconf 84' lang='lat' dir='ltr'><strong>verteret?</strong></span> 
     </span>
     <span class='ocr_line' id='line_1_22' title="bbox 121 2121 1132 2207; baseline 0 -21"><span class='ocrx_word' id='word_1_177' title='bbox 121 2144 160 2186; x_wconf 87' lang='lat' dir='ltr'><strong>cx</strong></span> <span class='ocrx_word' id='word_1_178' title='bbox 192 2145 256 2207; x_wconf 90' lang='lat' dir='ltr'><strong>quo</strong></span> <span class='ocrx_word' id='word_1_179' title='bbox 282 2121 392 2188; x_wconf 89' lang='lat' dir='ltr'><strong>fructu</strong></span> <span class='ocrx_word' id='word_1_180' title='bbox 416 2143 582 2206; x_wconf 89' lang='lat' dir='ltr'><strong>nummos,</strong></span> <span class='ocrx_word' id='word_1_181' title='bbox 614 2143 695 2206; x_wconf 90' lang='lat' dir='ltr'><strong>quos</strong></span> <span class='ocrx_word' id='word_1_182' title='bbox 723 2121 786 2187; x_wconf 92' lang='lat' dir='ltr'><strong>tibi</strong></span> <span class='ocrx_word' id='word_1_183' title='bbox 812 2121 918 2206; x_wconf 90' lang='lat' dir='ltr'><strong>daret,</strong></span> <span class='ocrx_word' id='word_1_184' title='bbox 948 2121 1132 2188; x_wconf 87' lang='lat' dir='ltr'><strong>inveniret?</strong></span> 
     </span>
     <span class='ocr_line' id='line_1_23' title="bbox 120 2210 1132 2295; baseline 0.001 -21"><span class='ocrx_word' id='word_1_185' title='bbox 120 2210 337 2276; x_wconf 87' lang='lat' dir='ltr'><strong>Decumarum</strong></span> <span class='ocrx_word' id='word_1_186' title='bbox 367 2210 499 2276; x_wconf 87' lang='lat' dir='ltr'><strong>nomine</strong></span> <span class='ocrx_word' id='word_1_187' title='bbox 528 2214 657 2276; x_wconf 92' lang='lat' dir='ltr'><strong>tantum</strong></span> <span class='ocrx_word' id='word_1_188' title='bbox 685 2213 756 2275; x_wconf 91' lang='lat' dir='ltr'><strong>erat</strong></span> <span class='ocrx_word' id='word_1_189' title='bbox 783 2210 943 2294; x_wconf 89' lang='lat' dir='ltr'><strong>ablatum,</strong></span> <span class='ocrx_word' id='word_1_190' title='bbox 976 2215 1132 2295; x_wconf 92' lang='lat' dir='ltr'><strong>quantum</strong></span> 
     </span>
     <span class='ocr_line' id='line_1_24' title="bbox 2 2298 1132 2384; baseline 0 -19"><span class='ocrx_word' id='word_1_191' title='bbox 2 2337 3 2340; x_wconf 16' lang='grc' dir='ltr'><strong>κ</strong></span> <span class='ocrx_word' id='word_1_192' title='bbox 120 2300 273 2365; x_wconf 84' lang='lat' dir='ltr'><strong>voluntas</strong></span> <span class='ocrx_word' id='word_1_193' title='bbox 292 2299 415 2364; x_wconf 90' lang='lat' dir='ltr'><strong>tulerat</strong></span> <span class='ocrx_word' id='word_1_194' title='bbox 424 2299 558 2382; x_wconf 87' lang='lat' dir='ltr'><strong>Aproni,</strong></span> <span class='ocrx_word' id='word_1_195' title='bbox 581 2321 641 2384; x_wconf 89' lang='lat' dir='ltr'><strong>pro</strong></span> <span class='ocrx_word' id='word_1_196' title='bbox 660 2298 773 2364; x_wconf 87' lang='lat' dir='ltr'><strong>alteris</strong></span> <span class='ocrx_word' id='word_1_197' title='bbox 792 2298 934 2364; x_wconf 79' lang='lat' dir='ltr'><strong>decumis</strong></span> <span class='ocrx_word' id='word_1_198' title='bbox 957 2303 1132 2383; x_wconf 89' lang='lat' dir='ltr'><strong>emptoque</strong></span> 
     </span>
     <span class='ocr_line' id='line_1_25' title="bbox 121 2387 1131 2471; baseline 0 -19"><span class='ocrx_word' id='word_1_199' title='bbox 121 2388 285 2452; x_wconf 87' lang='lat' dir='ltr'><strong>frumento</strong></span> <span class='ocrx_word' id='word_1_200' title='bbox 305 2391 362 2452; x_wconf 91' lang='lat' dir='ltr'><strong>aut</strong></span> <span class='ocrx_word' id='word_1_201' title='bbox 384 2387 468 2451; x_wconf 90' lang='lat' dir='ltr'><strong>nihil</strong></span> <span class='ocrx_word' id='word_1_202' title='bbox 491 2387 603 2452; x_wconf 89' lang='lat' dir='ltr'><strong>datum</strong></span> <span class='ocrx_word' id='word_1_203' title='bbox 627 2391 684 2452; x_wconf 89' lang='lat' dir='ltr'><strong>aut</strong></span> <span class='ocrx_word' id='word_1_204' title='bbox 706 2390 836 2452; x_wconf 90' lang='lat' dir='ltr'><strong>tantum</strong></span> <span class='ocrx_word' id='word_1_205' title='bbox 860 2387 1009 2471; x_wconf 89' lang='lat' dir='ltr'><strong>[datum]‚</strong></span> <span class='ocrx_word' id='word_1_206' title='bbox 1033 2410 1131 2471; x_wconf 91' lang='lat' dir='ltr'><strong>quan-</strong></span> 
     </span>
     <span class='ocr_line' id='line_1_26' title="bbox 81 2475 1131 2560; baseline 0.005 -26"><span class='ocrx_word' id='word_1_207' title='bbox 81 2493 107 2534; x_wconf 83' lang='lat' dir='ltr'><strong>as</strong></span> <span class='ocrx_word' id='word_1_208' title='bbox 121 2479 192 2540; x_wconf 91' lang='lat' dir='ltr'><strong>tum</strong></span> <span class='ocrx_word' id='word_1_209' title='bbox 210 2475 328 2559; x_wconf 90' lang='lat' dir='ltr'><strong>reliqui</strong></span> <span class='ocrx_word' id='word_1_210' title='bbox 346 2475 472 2540; x_wconf 89' lang='lat' dir='ltr'><strong>scribae</strong></span> <span class='ocrx_word' id='word_1_211' title='bbox 489 2475 643 2558; x_wconf 89' lang='lat' dir='ltr'><strong>fecerant,</strong></span> <span class='ocrx_word' id='word_1_212' title='bbox 666 2478 724 2540; x_wconf 88' lang='lat' dir='ltr'><strong>aut</strong></span> <span class='ocrx_word' id='word_1_213' title='bbox 745 2475 833 2540; x_wconf 90' lang='lat' dir='ltr'><strong>ultro</strong></span> <span class='ocrx_word' id='word_1_214' title='bbox 857 2475 966 2558; x_wconf 86' lang='lat' dir='ltr'><strong>etiam,</strong></span> <span class='ocrx_word' id='word_1_215' title='bbox 988 2475 1022 2539; x_wconf 90' lang='lat' dir='ltr'><strong>id</strong></span> <span class='ocrx_word' id='word_1_216' title='bbox 1045 2477 1131 2560; x_wconf 91' lang='lat' dir='ltr'><strong>quod</strong></span> 
     </span>
     <span class='ocr_line' id='line_1_27' title="bbox 122 2562 1184 2649; baseline 0.001 -22"><span class='ocrx_word' id='word_1_217' title='bbox 122 2562 293 2648; x_wconf 84' lang='lat' dir='ltr'><strong>didicistis,</strong></span> <span class='ocrx_word' id='word_1_218' title='bbox 321 2563 478 2628; x_wconf 89' lang='lat' dir='ltr'><strong>ablatum.</strong></span> <span class='ocrx_word' id='word_1_219' title='bbox 522 2562 690 2649; x_wconf 77' lang='lat' dir='ltr'><strong>Cogantur</strong></span> <span class='ocrx_word' id='word_1_220' title='bbox 717 2564 817 2628; x_wconf 90' lang='lat' dir='ltr'><strong>etiam</strong></span> <span class='ocrx_word' id='word_1_221' title='bbox 844 2564 969 2629; x_wconf 86' lang='lat' dir='ltr'><strong>nummi</strong></span> <span class='ocrx_word' id='word_1_222' title='bbox 998 2564 1038 2628; x_wconf 90' lang='lat' dir='ltr'><strong>ab</strong></span> <span class='ocrx_word' id='word_1_223' title='bbox 1063 2586 1131 2628; x_wconf 90' lang='lat' dir='ltr'><strong>era·</strong></span> <span class='ocrx_word' id='word_1_224' title='bbox 1141 2570 1184 2636; x_wconf 86' lang='lat'><strong>86</strong></span> 
     </span>
     <span class='ocr_line' id='line_1_28' title="bbox 121 2652 1131 2737; baseline -0.001 -20"><span class='ocrx_word' id='word_1_225' title='bbox 121 2653 214 2717; x_wconf 86' lang='lat' dir='ltr'><strong>tore?</strong></span> <span class='ocrx_word' id='word_1_226' title='bbox 239 2673 302 2736; x_wconf 92' lang='lat' dir='ltr'><strong>quo</strong></span> <span class='ocrx_word' id='word_1_227' title='bbox 326 2652 435 2735; x_wconf 91' lang='lat' dir='ltr'><strong>modo,</strong></span> <span class='ocrx_word' id='word_1_228' title='bbox 459 2657 522 2736; x_wconf 86' lang='lat' dir='ltr'><strong>quo</strong></span> <span class='ocrx_word' id='word_1_229' title='bbox 545 2652 628 2735; x_wconf 87' lang='lat' dir='ltr'><strong>iure,</strong></span> <span class='ocrx_word' id='word_1_230' title='bbox 652 2674 716 2737; x_wconf 93' lang='lat' dir='ltr'><strong>quo</strong></span> <span class='ocrx_word' id='word_1_231' title='bbox 739 2652 908 2735; x_wconf 87' lang='lat' dir='ltr'><strong>exemplo?</strong></span> <span class='ocrx_word' id='word_1_232' title='bbox 948 2652 1131 2717; x_wconf 82' lang='lat' dir='ltr'><strong>Nemeum</strong></span> 
     </span>
     <span class='ocr_line' id='line_1_29' title="bbox 13 2740 1131 2824; baseline -0.002 -19"><span class='ocrx_word' id='word_1_233' title='bbox 13 2751 15 2758; x_wconf 89' lang='lat'>&#39;</span> <span class='ocrx_word' id='word_1_234' title='bbox 120 2741 246 2806; x_wconf 86' lang='lat' dir='ltr'><strong>fructus</strong></span> <span class='ocrx_word' id='word_1_235' title='bbox 284 2740 520 2824; x_wconf 87' lang='lat' dir='ltr'><strong>diripiebantur</strong></span> <span class='ocrx_word' id='word_1_236' title='bbox 556 2745 722 2806; x_wconf 86' lang='lat' dir='ltr'><strong>aratorum</strong></span> <span class='ocrx_word' id='word_1_237' title='bbox 759 2744 857 2824; x_wconf 89' lang='lat' dir='ltr'><strong>atque</strong></span> <span class='ocrx_word' id='word_1_238' title='bbox 891 2740 980 2805; x_wconf 89' lang='lat' dir='ltr'><strong>omni</strong></span> <span class='ocrx_word' id='word_1_239' title='bbox 1011 2741 1131 2805; x_wconf 87' lang='lat' dir='ltr'><strong>lacera-</strong></span> 
     </span>
     <span class='ocr_line' id='line_1_30' title="bbox 120 2827 1131 2912; baseline -0.003 -18"><span class='ocrx_word' id='word_1_240' title='bbox 120 2829 242 2894; x_wconf 87' lang='lat' dir='ltr'><strong>bantur</strong></span> <span class='ocrx_word' id='word_1_241' title='bbox 276 2828 408 2912; x_wconf 89' lang='lat' dir='ltr'><strong>iniuria,</strong></span> <span class='ocrx_word' id='word_1_242' title='bbox 443 2828 615 2894; x_wconf 83' lang='lat' dir='ltr'><strong>ridebatur</strong></span> <span class='ocrx_word' id='word_1_243' title='bbox 646 2828 680 2893; x_wconf 90' lang='lat' dir='ltr'><strong>id</strong></span> <span class='ocrx_word' id='word_1_244' title='bbox 716 2828 850 2912; x_wconf 89' lang='lat' dir='ltr'><strong>perdere</strong></span> <span class='ocrx_word' id='word_1_245' title='bbox 884 2831 1008 2911; x_wconf 85' lang='lat' dir='ltr'><strong>arator,</strong></span> <span class='ocrx_word' id='word_1_246' title='bbox 1045 2827 1131 2910; x_wconf 92' lang='lat' dir='ltr'><strong>quod</strong></span> 
     </span>
     <span class='ocr_line' id='line_1_31' title="bbox 81 2914 1131 3001; baseline -0.005 -18"><span class='ocrx_word' id='word_1_247' title='bbox 81 2937 107 2976; x_wconf 78' lang='lat'><strong>³0</strong></span> <span class='ocrx_word' id='word_1_248' title='bbox 122 2921 232 2996; x_wconf 86' lang='lat' dir='ltr'><strong>aratro</strong></span> <span class='ocrx_word' id='word_1_249' title='bbox 255 2917 326 3001; x_wconf 91' lang='lat' dir='ltr'><strong>ipse</strong></span> <span class='ocrx_word' id='word_1_250' title='bbox 350 2916 543 3001; x_wconf 73' lang='lat' dir='ltr'><strong>quaesisset,</strong></span> <span class='ocrx_word' id='word_1_251' title='bbox 565 2917 600 2981; x_wconf 95' lang='lat' dir='ltr'><strong>in</strong></span> <span class='ocrx_word' id='word_1_252' title='bbox 623 2938 687 3001; x_wconf 93' lang='lat' dir='ltr'><strong>quo</strong></span> <span class='ocrx_word' id='word_1_253' title='bbox 711 2916 926 2999; x_wconf 85' lang='lat' dir='ltr'><strong>elaborasset,</strong></span> <span class='ocrx_word' id='word_1_254' title='bbox 950 2914 1036 2998; x_wconf 91' lang='lat' dir='ltr'><strong>quod</strong></span> <span class='ocrx_word' id='word_1_255' title='bbox 1059 2915 1131 3000; x_wconf 85' lang='lat' dir='ltr'><strong>agri</strong></span> 
     </span>
     <span class='ocr_line' id='line_1_32' title="bbox 123 3001 1183 3092; baseline -0.006 -21"><span class='ocrx_word' id='word_1_256' title='bbox 123 3010 312 3092; x_wconf 83' lang='lat' dir='ltr'><strong>segetesque</strong></span> <span class='ocrx_word' id='word_1_257' title='bbox 349 3005 555 3088; x_wconf 81' lang='lat' dir='ltr'><strong>extulissent3</strong></span> <span class='ocrx_word' id='word_1_258' title='bbox 593 3006 709 3090; x_wconf 91' lang='lat' dir='ltr'><strong>quibus</strong></span> <span class='ocrx_word' id='word_1_259' title='bbox 745 3003 872 3068; x_wconf 89' lang='lat' dir='ltr'><strong>iniuriis</strong></span> <span class='ocrx_word' id='word_1_260' title='bbox 909 3001 1183 3088; x_wconf 79' lang='lat' dir='ltr'><strong>gravissimis1ee</strong></span> 
     </span>
     <span class='ocr_line' id='line_1_33' title="bbox 120 3089 1131 3176; baseline -0.006 -16"><span class='ocrx_word' id='word_1_261' title='bbox 120 3099 234 3161; x_wconf 88' lang='lat' dir='ltr'><strong>tamen</strong></span> <span class='ocrx_word' id='word_1_262' title='bbox 258 3093 342 3158; x_wconf 90' lang='lat' dir='ltr'><strong>illud</strong></span> <span class='ocrx_word' id='word_1_263' title='bbox 364 3096 436 3158; x_wconf 88' lang='lat' dir='ltr'><strong>crat</strong></span> <span class='ocrx_word' id='word_1_264' title='bbox 458 3093 613 3158; x_wconf 91' lang='lat' dir='ltr'><strong>miserum</strong></span> <span class='ocrx_word' id='word_1_265' title='bbox 636 3092 806 3176; x_wconf 89' lang='lat' dir='ltr'><strong>solacium,</strong></span> <span class='ocrx_word' id='word_1_266' title='bbox 834 3089 920 3174; x_wconf 93' lang='lat' dir='ltr'><strong>quod</strong></span> <span class='ocrx_word' id='word_1_267' title='bbox 941 3090 975 3154; x_wconf 90' lang='lat' dir='ltr'><strong>id</strong></span> <span class='ocrx_word' id='word_1_268' title='bbox 997 3089 1131 3174; x_wconf 90' lang='lat' dir='ltr'><strong>perdere</strong></span> 
     </span>
     <span class='ocr_line' id='line_1_34' title="bbox 120 3180 1131 3266; baseline -0.005 -18"><span class='ocrx_word' id='word_1_269' title='bbox 120 3183 301 3266; x_wconf 85' lang='lat' dir='ltr'><strong>videbatur,</strong></span> <span class='ocrx_word' id='word_1_270' title='bbox 324 3181 410 3265; x_wconf 91' lang='lat' dir='ltr'><strong>quod</strong></span> <span class='ocrx_word' id='word_1_271' title='bbox 429 3181 494 3246; x_wconf 88' lang='lat' dir='ltr'><strong>alio</strong></span> <span class='ocrx_word' id='word_1_272' title='bbox 512 3185 663 3266; x_wconf 88' lang='lat' dir='ltr'><strong>praetore</strong></span> <span class='ocrx_word' id='word_1_273' title='bbox 681 3180 794 3245; x_wconf 90' lang='lat' dir='ltr'><strong>eodem</strong></span> <span class='ocrx_word' id='word_1_274' title='bbox 812 3201 852 3244; x_wconf 84' lang='lat' dir='ltr'><strong>ex</strong></span> <span class='ocrx_word' id='word_1_275' title='bbox 875 3200 955 3264; x_wconf 86' lang='lat' dir='ltr'><strong>agro</strong></span> <span class='ocrx_word' id='word_1_276' title='bbox 978 3200 1131 3264; x_wconf 89' lang='lat' dir='ltr'><strong>reparare</strong></span> 
     </span>
     <span class='ocr_line' id='line_1_35' title="bbox 120 3269 1130 3357; baseline -0.007 -20"><span class='ocrx_word' id='word_1_277' title='bbox 120 3274 242 3357; x_wconf 87' lang='lat' dir='ltr'><strong>posset.</strong></span> <span class='ocrx_word' id='word_1_278' title='bbox 277 3269 438 3336; x_wconf 89' lang='lat' dir='ltr'><strong>Nummos</strong></span> <span class='ocrx_word' id='word_1_279' title='bbox 455 3273 589 3336; x_wconf 82' lang='lat' dir='ltr'><strong>verout</strong></span> <span class='ocrx_word' id='word_1_280' title='bbox 607 3271 662 3334; x_wconf 89' lang='lat' dir='ltr'><strong>det</strong></span> <span class='ocrx_word' id='word_1_281' title='bbox 681 3271 800 3352; x_wconf 88' lang='lat' dir='ltr'><strong>arator,</strong></span> <span class='ocrx_word' id='word_1_282' title='bbox 823 3289 904 3352; x_wconf 89' lang='lat' dir='ltr'><strong>quos</strong></span> <span class='ocrx_word' id='word_1_283' title='bbox 922 3287 990 3332; x_wconf 93' lang='lat' dir='ltr'><strong>non</strong></span> <span class='ocrx_word' id='word_1_284' title='bbox 1010 3270 1130 3351; x_wconf 88' lang='lat' dir='ltr'><strong>exarat,</strong></span> 
     </span>
     <span class='ocr_line' id='line_1_36' title="bbox 81 3356 1130 3444; baseline -0.004 -20"><span class='ocrx_word' id='word_1_285' title='bbox 81 3375 105 3418; x_wconf 80' lang='lat' dir='ltr'><strong>a</strong></span> <span class='ocrx_word' id='word_1_286' title='bbox 122 3381 203 3444; x_wconf 93' lang='lat' dir='ltr'><strong>quos</strong></span> <span class='ocrx_word' id='word_1_287' title='bbox 228 3380 295 3423; x_wconf 92' lang='lat' dir='ltr'><strong>non</strong></span> <span class='ocrx_word' id='word_1_288' title='bbox 322 3362 433 3424; x_wconf 92' lang='lat' dir='ltr'><strong>aratro</strong></span> <span class='ocrx_word' id='word_1_289' title='bbox 457 3380 494 3422; x_wconf 89' lang='lat' dir='ltr'><strong>ac</strong></span> <span class='ocrx_word' id='word_1_290' title='bbox 517 3380 615 3422; x_wconf 89' lang='lat' dir='ltr'><strong>manu</strong></span> <span class='ocrx_word' id='word_1_291' title='bbox 639 3356 778 3440; x_wconf 89' lang='lat' dir='ltr'><strong>quaerit,</strong></span> <span class='ocrx_word' id='word_1_292' title='bbox 804 3356 905 3421; x_wconf 85' lang='lat' dir='ltr'><strong>boves</strong></span> <span class='ocrx_word' id='word_1_293' title='bbox 929 3358 962 3420; x_wconf 91' lang='lat' dir='ltr'><strong>et</strong></span> <span class='ocrx_word' id='word_1_294' title='bbox 985 3359 1130 3420; x_wconf 85' lang='lat' dir='ltr'><strong>aratrum</strong></span> 
     </span>
     <span class='ocr_line' id='line_1_37' title="bbox 120 3445 1130 3533; baseline -0.003 -21"><span class='ocrx_word' id='word_1_295' title='bbox 120 3449 229 3533; x_wconf 89' lang='lat' dir='ltr'><strong>ipsum</strong></span> <span class='ocrx_word' id='word_1_296' title='bbox 256 3449 354 3530; x_wconf 88' lang='lat' dir='ltr'><strong>atque</strong></span> <span class='ocrx_word' id='word_1_297' title='bbox 381 3468 476 3512; x_wconf 90' lang='lat' dir='ltr'><strong>omne</strong></span> <span class='ocrx_word' id='word_1_298' title='bbox 502 3447 755 3510; x_wconf 88' lang='lat' dir='ltr'><strong>instrumentum</strong></span> <span class='ocrx_word' id='word_1_299' title='bbox 778 3445 898 3510; x_wconf 87' lang='lat' dir='ltr'><strong>vendat</strong></span> <span class='ocrx_word' id='word_1_300' title='bbox 918 3465 1049 3509; x_wconf 87' lang='lat' dir='ltr'><strong>necesse</strong></span> <span class='ocrx_word' id='word_1_301' title='bbox 1072 3447 1130 3509; x_wconf 90' lang='lat' dir='ltr'><strong>est.</strong></span> 
     </span>
     <span class='ocr_line' id='line_1_38' title="bbox 119 3531 1130 3619; baseline -0.005 -16"><span class='ocrx_word' id='word_1_302' title='bbox 119 3536 197 3603; x_wconf 89' lang='lat' dir='ltr'><strong>Non</strong></span> <span class='ocrx_word' id='word_1_303' title='bbox 211 3534 295 3600; x_wconf 89' lang='lat' dir='ltr'><strong>enim</strong></span> <span class='ocrx_word' id='word_1_304' title='bbox 311 3534 436 3600; x_wconf 87' lang='lat' dir='ltr'><strong>debetis</strong></span> <span class='ocrx_word' id='word_1_305' title='bbox 450 3536 512 3601; x_wconf 92' lang='lat' dir='ltr'><strong>hoc</strong></span> <span class='ocrx_word' id='word_1_306' title='bbox 529 3535 687 3619; x_wconf 78' lang='lat' dir='ltr'><strong>cogitare:</strong></span> <span class='ocrx_word' id='word_1_307' title='bbox 705 3531 806 3598; x_wconf 90' lang='lat' dir='ltr'><strong>habet</strong></span> <span class='ocrx_word' id='word_1_308' title='bbox 824 3533 910 3601; x_wconf 91' lang='lat' dir='ltr'><strong>idem</strong></span> <span class='ocrx_word' id='word_1_309' title='bbox 927 3533 962 3598; x_wconf 94' lang='lat' dir='ltr'><strong>in</strong></span> <span class='ocrx_word' id='word_1_310' title='bbox 980 3533 1130 3616; x_wconf 88' lang='lat' dir='ltr'><strong>nummis,</strong></span> 
     </span>
    </p>
   </div>
   <div class='ocr_carea' id='block_1_3' title="bbox 0 0 1305 3878">
    <p class='ocr_par' dir='ltr' id='par_1_3' title="bbox 0 0 1305 3878">
     <span class='ocr_line' id='line_1_39' title="bbox 0 0 1305 3878; baseline 0 0"><span class='ocrx_word' id='word_1_311' title='bbox 0 0 1305 3878; x_wconf 95' lang='lat' dir='ltr'><strong> </strong></span> 
     </span>
    </p>
   </div>
  </div>
 </body>
</html>
