2600 3878
377 211 502 267 LIB.1V
534 210 612 267 CAP.
631 219 674 280 aa,
694 218 760 283 aas
780 219 892 268 ιι-ιι.
1071 211 1139 277 395

15 383 17 424 ι
130 355 169 422 Ρ.
192 354 339 422 Africani
367 377 486 421 nomen
513 360 584 422 erat
610 356 748 422 inoisum
775 378 911 442 eumque
939 354 1139 442 Carthagine

15 470 21 518 ι
131 448 232 530 capta
262 445 445 510 restituisse
476 445 700 530 perscriptum.
745 442 923 511 colebatur
955 467 975 510 a
1005 445 1139 529 civibus,
1247 494 1249 498 ,

15 529 18 602 ἐ
132 533 177 598 ab
207 533 356 599 omnibus
384 532 516 599 advenis
544 533 722 618 visebatur3
749 555 822 599 eum
850 537 1003 618 quaestor
1026 554 1139 618 essem,

15 651 21 691 ι
130 620 217 686 nihil
236 621 317 686 mihi
336 622 377 686 ab
400 620 468 686 illis
491 624 541 687 est
564 621 822 686 demonstratum
844 623 945 706 prius.
980 621 1063 686 Erat
1086 620 1139 686 ad·
1165 691 1168 698 .

15 741 20 780 5
102 709 267 774 amodum
282 710 426 793 amplum
441 713 474 774 et
490 710 651 776 excelsum
670 710 799 796 signum
818 731 891 776 eum
911 711 1009 794 stola3
1026 731 1140 775 verum

15 831 20 870 ς
132 802 246 862 tamen
263 798 370 862 inerat
386 798 422 862 in
443 797 503 863 illa
525 799 651 884 magnit
637 799 748 863 tudine
771 801 861 863 aetas
885 801 920 862 at
922 819 982 882 que
1005 797 1099 862 habit
1084 801 1144 863 tus·

15 899 19 960 ἰ
132 885 319 972 virginalis3
337 887 479 972 sagittae
492 886 676 971 pendebant
661 886 732 951 tab
749 907 870 970 umero,
889 886 1023 950 sinistra
1041 907 1140 950 manu

15 1007 21 1048 ;
132 975 298 1040 retinebat
323 997 447 1060 areum,
474 974 587 1040 dextra
610 974 777 1040 ardentem
798 937 904 1040 facim
926 973 1184 1060 praeferebat.

15 1095 20 1138 ι
132 1061 228 1128 Hane
247 1084 320 1128 oum
337 1062 401 1128 iste
419 1083 584 1128 sacrorum
603 1063 747 1128 omnium
766 1066 800 1127 et
817 1063 1013 1148 religionum
1031 1061 1138 1126 hostis
1158 1076 1192 1126 ιι

15 1187 35 1228 5
92 1171 119 1210 ιι
133 1150 318 1252 praedoque
331 1150 475 1234 vidisset,
494 1172 588 1236 quasr
579 1151 685 1216 illa
675 1167 748 1235 ipsa
765 1151 835 1216 faee
853 1172 1025 1236 percussus
1044 1153 1140 1233 esset,

15 1307 16 1316 ,
133 1238 346 1326 itaflagrare
368 1202 512 1324 cupidita
493 1243 665 1324 ateatque
688 1239 830 1304 amentia
853 1239 973 1324 eoepit3
1000 1199 1140 1330 imperat

15 1343 19 1406 J>
134 1328 240 1413 magis
243 1327 453 1479 ιιιιίιιιι,ιιι
415 1349 542 1392 ueam
562 1327 739 1393 demoliunt
724 1331 778 1392 tur
800 1331 834 1392 et
856 1327 921 1392 sibi
944 1323 1033 1412 dent,
1025 1325 1140 1391 nihil

15 1455 17 1486 5
135 1415 198 1480 sihi
217 1416 343 1502 gratius
364 1415 506 1481 ostendit
523 1415 679 1481 futurum.
713 1415 769 1480 Illi
791 1437 868 1481 varo
888 1415 997 1481 dieere
1021 1415 1084 1480 sihi
1106 1414 1140 1479 id

133 1503 225 1569 nefas
244 1524 324 1588 esse,
346 1525 478 1588 seseque
497 1525 570 1568 eum
589 1525 715 1569 summa
732 1503 899 1588 religione,
921 1507 993 1568 tum
1012 1524 1139 1568 summo

15 1599 17 1674 5
93 1611 120 1652 ιι
135 1596 224 1656 metu
242 1591 352 1678 legum
371 1595 404 1656 et
421 1591 613 1656 iudiciorum
633 1591 746 1656 teneri.
781 1591 849 1656 Iste
870 1595 941 1656 tum
963 1595 1073 1676 petere
1097 1591 1138 1657 ab

15 1725 17 1764 5
135 1679 215 1764 illis,
242 1684 312 1744 tum
338 1680 469 1764 minari,
496 1683 566 1744 tum
590 1701 694 1763 rpem,
720 1683 792 1744 tum
814 1683 937 1744 metum
961 1680 1139 1744 ostendere.

15 1813 17 1852 ,
135 1767 352 1853 Opponebant
378 1769 429 1833 illi
455 1790 575 1834 nomen
600 1767 762 1832 interdum
783 1765 998 1852 Rubiconi,
1024 1768 1139 1852 populi

15 1867 16 1906 ἲ
135 1855 275 1922 Romani
295 1855 379 1921 illud
402 1877 471 1921 esse
495 1855 658 1939 dieehant3
679 1855 763 1920 nihil
787 1877 821 1920 se
843 1855 878 1920 in
901 1877 939 1920 eo
962 1856 1138 1939 potestatis

15 1991 17 2032 5
135 1945 264 2030 habere,
283 1944 368 2030 quod
380 1944 559 2029 imperator
573 1943 770 2010 clarissimus
785 1943 865 2008 urhe
877 1942 1023 2008 hostium
1041 1947 1139 2029 capta

15 2045 16 2116 g
95 2053 122 2092 ιο
136 2037 380 2098 monumentum
406 2032 561 2098 victoriae
583 2031 697 2117 populi
718 2031 858 2096 Romani
880 2052 951 2096 esse
973 2031 1139 2099 voluisset.

15 2167 16 2206 ι
136 2120 218 2187 Oum
246 2121 309 2186 iste
335 2121 438 2186 nihilo
467 2120 633 2185 remissius
661 2122 759 2204 atque
787 2120 886 2185 etiam
912 2119 1017 2185 multo
1045 2120 1139 2186 vehe
1159 2134 1192 2183 ⁷6

136 2210 275 2275 mentius
298 2209 437 2275 instaret
460 2208 590 2292 eotidie,
612 2229 664 2274 res
688 2207 798 2294 agitur
818 2207 854 2272 in
876 2211 999 2273 senatu.
1035 2207 1139 2274 Vehe-

136 2302 260 2363 menter
288 2298 329 2364 ab
356 2296 506 2362 omnibus
529 2298 733 2362 reclamatur.
773 2295 888 2380 ltaque
910 2295 969 2362 illo
992 2300 1138 2382 tempore

137 2407 174 2452 ae
191 2386 297 2470 primo
314 2385 410 2450 istius
435 2385 574 2451 adventu
596 2387 802 2470 pernegatur.
837 2383 965 2467 Postea,
989 2383 1139 2469 quioquid

97 2491 123 2532 ss
138 2478 208 2539 erat
230 2473 336 2539 oneris
359 2473 394 2537 in
414 2473 524 2538 nautis
547 2472 788 2558 remigibusque
810 2472 988 2558 exigendis,
1015 2473 1050 2538 in
1071 2473 1139 2539 fru-

138 2565 245 2626 mento
276 2561 479 2647 imperando,
510 2558 696 2647 Segestanis
727 2563 856 2644 praeter
887 2565 1011 2626 eeteros
1037 2561 1140 2645 impo-

137 2651 243 2735 nebat,
262 2649 430 2734 aliquanto
445 2649 594 2735 amplius,
615 2671 713 2733 quam
725 2648 811 2714 ferre
824 2652 967 2750 possent.
993 2649 1139 2714 Praeter·

138 2760 175 2803 ω’
138 2741 431 2892 altstidi
451 2737 769 2910 {thiathaldi
791 2741 1139 2927 elibathe?

99 2933 124 2974 ιο
137 2915 258 2981 vinciae
272 2913 345 2980 fora
362 2914 520 2998 rapiebat,
540 2913 734 3014 singillatim
752 2913 808 2977 uni
826 2912 940 2996 auique
959 2911 1140 2978 calamitati

137 3003 205 3069 fore
233 3024 267 3068 se
292 3002 517 3086 denuntiabat,
490 3001 702 3067 tuniversis
726 3022 760 3065 so
782 2999 889 3065 fundit
874 3003 928 3064 tus
952 3021 1139 3065 eversurum

138 3093 234 3174 [esse]
266 3091 359 3156 illam
389 3090 487 3156 civita
488 3094 555 3155 tem
582 3089 776 3155 minabatur.
822 3087 937 3171 Itaque
965 3087 1138 3172 aliquando

137 3179 247 3245 multis
266 3179 362 3244 malis
380 3199 564 3265 magnoque
582 3181 673 3242 metu
690 3175 768 3242 vieti
786 3174 957 3261 Segestani
978 3176 1140 3260 praetoris

137 3267 270 3354 imperio
284 3267 464 3352 parendum
479 3288 550 3332 esse
568 3266 786 3331 decreverunt.
817 3262 939 3350 Magno
958 3286 1031 3330 eum
1049 3265 1140 3331 luetu

100 3360 169 3421 aee
200 3356 325 3442 gemitu
356 3355 458 3422 totius
491 3353 646 3438 divitatis,
673 3352 792 3418 multis
825 3373 898 3418 eum
925 3352 1078 3419 laurumis
1108 3355 1140 3418 et

137 3444 293 3509 lamentat
278 3444 467 3510 tionibus
436 3464 581 3509 rrrorum
594 3439 830 3527 mulierumque
845 3440 993 3507 omnium
1010 3442 1141 3508 simula·

138 3554 224 3600 crum
247 3531 372 3598 Dianae
394 3531 575 3597 tollendum
597 3529 732 3596 locatur
