2564 3876
165 151 186 212 2
430 146 502 203 PRO
520 149 551 209 Ρ.
571 146 742 212 QUINOTIO
762 146 907 203 ORATIO.

163 294 273 358 nullae
295 292 480 376 facultates,
503 291 638 378 exiguae
661 291 839 356 amicorum
861 289 973 374 copiae
993 295 1079 375 sunt,
1103 313 1175 356 cum

129 402 144 450 a
164 381 349 446 adversario
369 379 607 466 gratiosissimo
627 379 809 444 contendat.
836 376 923 443 Illud
937 400 1066 464 quoque
1079 378 1175 444 00110

164 468 287 534 accedit
300 468 549 553 incommodum,
568 467 654 552 quod
667 467 711 531 M.
724 466 846 551 Iunius,
864 466 920 550 qui
937 466 1022 532 hano
1037 487 1175 544 00000111,

164 555 197 623 0.
219 557 344 641 Aquili,
374 556 570 640 aliquotiens
598 555 684 639 apud
705 559 739 619 te
762 554 843 640 egit,
864 554 963 620 homo
987 558 1020 620 et
1041 556 1077 619 in
1100 555 1176 620 aliis

164 644 270 709 causis
291 645 484 710 exercitatus
504 648 537 708 et
554 645 589 708 in
605 643 668 708 hac
686 643 826 707 multum
844 645 877 706 et
895 664 992 728 saepe
1016 647 1205 726 versatus,a

163 732 225 798 hoc
243 735 390 818 tempore
409 733 502 797 abest
519 753 605 797 nova
622 731 787 817 legatione
804 731 988 816 impeditus,
1011 734 1044 796 et
1062 731 1105 796 ad
1123 753 1177 796 me

164 824 297 885 ventum
321 825 386 905 est,
413 821 469 904 qui
491 824 528 884 ut
552 841 678 884 summa
699 819 854 883 haberem
877 823 993 903 cetera,
1015 820 1176 904 temporis

164 909 294 992 quidem
312 913 398 974 certe
416 908 470 974 vix
489 908 570 972 satis
588 907 697 990 habui,
720 910 845 971 utrem
867 910 1004 991 tantam,
1026 910 1079 972 tot
1101 929 1176 973 con-

128 997 332 1064 ltroversiis
354 996 571 1082 implicatam,
593 1017 724 1080 possem
748 1015 950 1081 cognoscere.
993 994 1059 1078 Ita,
1087 996 1177 1079 quod

164 1085 246 1150 mihi
273 1085 440 1151 consuevit
466 1085 502 1148 in
528 1083 643 1149 ceteris
671 1083 777 1148 causis
806 1104 876 1149 esse
908 1082 1108 1168 adimente,
1141 1083 1176 1148 id
1194 1108 1221 1146 10

165 1195 292 1258 qnoque
305 1173 341 1237 in
353 1173 414 1237 100
435 1193 532 1237 causa
551 1171 667 1236 deficit.
698 1169 794 1254 11010,
813 1170 898 1254 quod
916 1170 1022 1236 minus
1040 1171 1175 1257 ingenio

56 1315 58 1320 .
163 1283 310 1346 possum,
342 1260 523 1325 subsidium
553 1259 635 1324 mihi
663 1258 833 1345 diligentia
859 1259 1059 1344 comparavi,
1091 1281 1176 1344 quae

165 1352 288 1431 quanta
319 1349 376 1432 sit,
406 1347 471 1412 nisi
498 1351 626 1431 tempus
655 1352 687 1412 et
719 1347 861 1432 spatium
893 1347 1006 1412 datum
1036 1347 1096 1432 sit,
1128 1349 1176 1412 10-

164 1436 278 1522 tellegi
304 1457 370 1500 non
396 1439 514 1520 potest.
548 1435 636 1512 Quae
665 1456 727 1518 quo
755 1435 851 1520 plura
878 1438 967 1519 sunt,
995 1433 1029 1501 O.
1050 1435 1175 1520 Aquili,

164 1545 201 1588 eo
225 1527 258 1588 te
281 1527 314 1588 et
336 1524 406 1608 100,
429 1523 484 1608 qui
507 1523 569 1587 tibi
591 1523 626 1587 in
648 1523 783 1588 consilio
804 1526 889 1607 sunt,
911 1523 1046 1588 meliore
1064 1527 1175 1590 mente
1192 1544 1219 1584 is

162 1615 277 1676 nostra
298 1612 399 1678 verba
422 1611 532 1676 audire
555 1611 733 1696 oportebit,
760 1613 797 1676 ut
818 1611 932 1676 multis
960 1611 1176 1678 incommodis

162 1701 284 1766 veritas
316 1699 488 1765 debilitata
518 1699 651 1764 tandem
682 1699 847 1783 aequitate
877 1699 994 1764 talium
1027 1701 1176 1766 virorum

128 1805 143 1854 5
163 1792 333 1854 recreetur.
378 1787 501 1863 Quodsi
522 1792 560 1852 tu
582 1787 677 1852 iudex
698 1787 791 1853 nullo
813 1787 974 1872 praesidio
997 1787 1099 1853 fuisse
1128 1789 1176 1854 vi-

163 1876 279 1942 debere
301 1881 415 1942 contra
433 1877 500 1942 vim
519 1879 552 1941 01
571 1875 713 1962 gratiam
732 1875 899 1940 solitudini
918 1879 1016 1961 atque
1033 1877 1175 1962 inopiae,

163 1965 192 2029 si
206 1965 292 2048 apud
304 1965 367 2030 hoc
385 1964 556 2030 consilium
574 1985 613 2028 ex
632 1963 756 2048 opibus,
774 1985 841 2028 000
859 1985 898 2028 ex
916 1964 1055 2030 veritate
1074 1987 1174 2031 causa
1188 1993 1217 2032 00
1276 2001 1277 2040 l

162 2053 328 2137 pendetur,
341 2051 487 2137 profecto
501 2052 584 2116 nihil
599 2051 727 2116 ostiam
742 2055 890 2116 sanctum
903 2055 1001 2136 atquc
1011 2053 1175 2119 sincerum
1276 2043 1277 2098 Ῑ

162 2141 197 2204 10
211 2140 351 2224 01111010,
369 2141 461 2224 nihil,
480 2140 566 2224 quod
578 2139 799 2204 humilitatem
817 2139 1005 2225 cuiusquam
1025 2142 1174 2227 gravitas

163 2232 196 2291 01
219 2227 322 2292 virtus
340 2227 454 2292 iudicis
476 2228 669 2293 consoletur.
706 2227 800 2293 00110
819 2231 876 2292 001
894 2228 980 2313 apud
997 2232 1031 2294 te
1050 2230 1175 2316 ethos,

163 2315 218 2398 qui
236 2315 298 2379 tibi
317 2316 443 2399 adsunt,
461 2316 583 2382 veritas
601 2315 725 2382 valebit
743 2319 800 2381 aut
819 2338 857 2381 ex
875 2316 937 2381 100
953 2318 1025 2382 1000
1040 2319 1174 2402 repulsa
1276 2331 1277 2350 ¹

161 2403 195 2466 vi
218 2407 250 2466 et
270 2403 377 2490 gratia
394 2404 511 2488 locum,
533 2403 591 2468 ubi
608 2405 775 2488 consistat,
797 2405 938 2488 reperire
957 2427 1023 2470 non
1039 2407 1213 2490 poteritis

122 2495 144 2559 2
250 2490 325 2555 Non
343 2512 381 2557 00
401 2492 479 2576 dico,
499 2491 533 2556 O.
547 2492 668 2576 Aquili,
688 2513 750 2574 quo
771 2492 851 2556 mihi
865 2493 975 2558 veniat
988 2493 1023 2557 in
1037 2493 1173 2560 dubium

161 2581 219 2644 tua
241 2579 320 2643 fides
343 2583 376 2644 et
399 2579 591 2662 constantia,
614 2583 671 2644 aut
694 2601 758 2662 quo
780 2601 846 2644 000
867 2580 902 2644 10
924 2581 985 2666 110,
1008 2603 1090 2666 quos
1110 2583 1174 2648 tibi
1276 2633 1277 2648 ,

162 2665 340 2751 advocasti,
376 2668 455 2732 viris
491 2667 677 2733 lectissimis
709 2667 852 2732 civitatis
885 2690 976 2754 spem
1009 2691 1173 2736 summam
1276 2721 1277 2726 η

127 2755 282 2824 0101010
304 2755 340 2820 Ρ.
359 2754 526 2831 Quinctius
550 2755 675 2820 debeat.
711 2753 794 2830 Quid
817 2777 894 2841 ergo
919 2757 990 2822 est?
1022 2755 1172 2825 Primum
1276 2773 1277 2832 l

161 2843 350 2928 magnitudo
382 2843 518 2928 periculi
550 2865 675 2907 summo
706 2843 823 2908 timore
855 2845 1020 2910 hominem
1057 2847 1171 2931 afficit,
1184 2875 1209 2912 10
1276 2841 1277 2874 ³

161 2932 247 3016 quod
269 2954 332 2996 uno
355 2931 472 2997 iudicio
496 2931 534 2995 de
556 2930 697 2996 fortunis
721 2932 870 2997 01001100
895 2933 1050 3018 decernit,
1073 2936 1172 3021 idque

161 3020 237 3084 dum
265 3021 402 3105 cogitat,
433 3041 500 3084 non
526 3019 633 3084 101000
661 3041 757 3106 saepe
785 3019 931 3087 eivenit
961 3021 996 3086 in
1027 3027 1172 3090 mentem

159 3108 334 3192 potestatis
349 3131 447 3192 quam
461 3107 636 3192 aequitatis
650 3113 735 3187 tuae,
752 3112 925 3194 propterea
944 3110 1030 3194 quod
1048 3132 1172 3196 omnes,

160 3218 297 3280 quorum
320 3196 355 3261 in
373 3197 507 3262 alienius
526 3219 625 3262 manu
642 3197 712 3263 vita
729 3196 838 3281 posita
857 3201 915 3283 est,
939 3198 1067 3284 saepius
1087 3200 1171 3267 illud

160 3284 319 3368 cogitant,
342 3285 419 3368 quid
440 3285 546 3370 possit
568 3285 605 3369 is,
629 3285 718 3350 cuius
741 3285 775 3348 in
798 3285 921 3351 dicione
945 3309 982 3352 ao
1004 3291 1171 3373 potestate
1184 3316 1208 3354 a

5 3441 6 3458 ,
126 3375 245 3454 70001,
263 3393 361 3456 quam
380 3373 458 3457 quid
476 3373 591 3437 debeat
609 3372 723 3437 faeere.
759 3371 883 3439 Deinde
901 3374 1002 3439 habet
1020 3376 1171 3444 adversa
1276 3455 1277 3460 γ

159 3457 244 3522 11001
257 3457 292 3521 Ρ.
307 3458 475 3534 Quinctius
493 3461 592 3526 verbo
612 3457 683 3525 Sex.
700 3458 870 3546 Naevium,
887 3484 921 3526 re
940 3485 1018 3528 vera
1035 3464 1170 3532 huiusce
