2524 3876
368 215 444 271 CAP.
466 222 569 271 22-25
589 221 604 282 ξ
624 223 737 274 62-70,
1011 221 1054 286 53

60 377 200 441 magnam
218 358 294 444 vim,
313 381 467 446 magnam
484 360 721 445 necessitatem,
739 383 892 448 magnam
910 364 1056 450 possidet

60 444 238 530 religionem
265 452 420 534 paternus
447 452 677 532 maternusque
703 451 849 536 sanguis3
877 473 916 516 ex
939 474 1003 536 quo
1027 453 1056 518 si

60 554 117 616 qna
136 536 262 601 macula
284 541 440 622 concepta
462 540 525 620 est,
553 557 619 601 non
641 538 737 603 modo
761 539 826 604 elui
847 561 915 604 non
936 544 1056 626 potest,

58 643 159 686 verum
190 645 291 708 usque
323 646 361 691 eo
391 628 562 710 permanat
589 625 630 689 ad
658 626 814 709 animum,
846 632 883 692 ut
910 650 1055 694 summus

37 708 139 776 6Ϋιιοι
166 715 264 796 atque
297 713 439 778 amentia
470 717 695 797 consequatur.
739 713 850 780 Nolite
882 716 968 782 enim
999 741 1056 803 pu·
1075 733 1108 784 ss

58 802 133 883 tare,
167 821 263 884 quem
297 801 339 866 ad
369 801 501 867 modum
532 802 567 867 in
596 802 717 867 fabulis
749 824 979 889 saepenumero
1011 805 1057 871 vi·

59 886 141 971 detis,
158 910 222 972 eos,
244 889 301 973 qui
319 890 442 974 aliquid
460 890 558 975 impie
577 891 796 975 scelerateque
815 893 1057 978 commiserunt,

58 976 166 1060 agitari
185 981 218 1042 et
236 979 411 1062 perterreri
431 976 602 1043 Furiarum
624 978 728 1044 taedia
753 980 950 1046 ardentibus.
991 979 1057 1047 Sua

59 1085 204 1149 quemque
236 1065 327 1132 fraus
357 1071 391 1131 et
417 1088 494 1132 suus
521 1071 627 1131 terror
654 1067 794 1133 maxime
820 1073 930 1154 vexat,
962 1091 1056 1134 suum

26 1164 46 1202 ¹⁰
58 1175 205 1237 quemque
225 1154 331 1220 scelus
350 1154 457 1241 agitat
480 1155 685 1239 amentiaque
708 1155 826 1240 adficit,
849 1179 926 1223 suas
950 1158 1056 1223 malsc

57 1242 262 1326 cogitationes
288 1243 566 1328 conscientiaeque
590 1245 690 1308 animi
712 1248 850 1329 terrent;
876 1246 957 1312 haec
980 1249 1057 1311 sunt

56 1328 154 1414 impiis
178 1331 328 1396 assiduae
351 1331 609 1416 domesticaeque
631 1331 761 1416 Furiae,
787 1355 869 1417 quae
893 1333 960 1400 dies
983 1356 1057 1400 noe

56 1421 158 1502 tesque
171 1423 345 1503 parentum
359 1441 480 1504 poenas
496 1443 515 1485 a
533 1421 854 1486 consceleratissimis
872 1421 949 1487 filiis
968 1445 1056 1508 repe·

56 1509 128 1570 tant.
167 1506 260 1572 Haec
282 1508 474 1594 magnitudo
497 1508 649 1573 maleficii
671 1509 763 1592 facit,
790 1513 841 1593 ut,
867 1510 932 1576 nisi
954 1533 1055 1597 paene
1075 1523 1109 1575 68

23 1603 45 1643 1⁵
57 1594 258 1660 manifestum
281 1596 491 1682 parricidium
513 1597 711 1682 proferatur,
740 1597 893 1664 credibile
915 1620 982 1663 non
1005 1600 1057 1684 sit,

55 1682 112 1747 nisi
128 1686 237 1769 turpis
255 1684 483 1768 adulescentia,
505 1684 570 1750 nisi
588 1685 738 1751 omnibus
761 1686 896 1772 flagitiis
919 1687 989 1751 vita
1010 1687 1057 1750 in·

55 1771 192 1853 quinata,
220 1773 287 1837 nisi
315 1777 464 1857 sumptus
490 1773 583 1837 effusi
605 1795 678 1838 cum
700 1775 821 1859 probro
845 1777 942 1858 atque
966 1773 1058 1839 dede-

55 1880 133 1943 core,
153 1861 221 1925 nisi
243 1865 421 1946 praerupta
444 1861 590 1944 audacia,
611 1861 677 1926 nisi
698 1865 793 1926 tanta
815 1862 997 1946 temeritas,
1020 1865 1058 1926 ut

53 1968 112 2012 non
128 1949 243 2033 procul
263 1949 440 2014 abhorreat
458 1950 500 2014 ab
518 1949 654 2014 insania.
685 1949 829 2015 Accedat
846 1950 910 2015 huc
929 1953 1059 2035 oportet

21 2046 42 2084 ²⁰
55 2035 153 2100 odium
168 2038 325 2122 parentis,
344 2038 633 2104 animadversionis
652 2041 807 2122 paternae
826 2042 942 2122 metus,
961 2037 1058 2103 amici

53 2123 195 2209 improbi,
214 2126 301 2191 servi
315 2126 444 2210 conscii,
463 2129 591 2211 tempus
609 2126 769 2210 idoneum,
788 2127 878 2192 locus
897 2131 1057 2212 oportune

54 2217 158 2296 captus
187 2214 230 2278 ad
257 2237 330 2279 eam
356 2235 439 2298 rem3
472 2236 574 2299 paene
601 2213 720 2298 dicam,
748 2236 913 2300 respersas
941 2237 1057 2280 manus

53 2301 203 2387 sanguine
231 2307 369 2386 paterno
397 2303 517 2368 iudices
544 2302 676 2368 videant
704 2307 848 2388 eportet,
877 2303 1057 2368 sitantum

52 2386 183 2473 lacinus,
215 2394 287 2456 tam
319 2391 473 2475 immane,
504 2395 573 2455 tam
606 2391 758 2456 acerbum
790 2391 951 2480 credituri.
973 2395 1058 2456 sunt.

20 2487 42 2528 ²⁵
54 2474 150 2552 Quare
168 2478 234 2545 hoc
252 2501 317 2564 quo
336 2480 443 2544 minus
462 2483 513 2544 est
535 2479 696 2563 credibile,
718 2479 783 2544 nisi
805 2479 996 2565 ostenditur,
1019 2501 1057 2545 eo
1076 2492 1110 2542 se

53 2571 150 2651 magis
173 2571 239 2651 est,
263 2567 292 2632 si
315 2567 529 2651 convincitur,
551 2567 788 2633 vindicandum.

111 2653 228 2741 Itaque
243 2678 317 2721 cum
330 2657 442 2720 multis
458 2677 496 2721 ex
507 2656 607 2721 ¹rebus
621 2655 770 2742 intellegi
788 2660 900 2741 potest
918 2657 1058 2722 maiores
1069 2662 1111 2727 25

52 2747 173 2808 nostros
197 2767 267 2810 non
290 2744 386 2811 modo
410 2744 508 2810 armis
532 2743 606 2829 plus
631 2765 729 2828 quam
752 2748 876 2810 ceteras
898 2746 1058 2828 nationes,

53 2851 157 2896 verum
185 2833 288 2898 etiam
316 2832 451 2898 consilio
480 2831 703 2918 sapientiaque
730 2833 890 2919 potuisse,
921 2836 992 2896 tum
1019 2852 1058 2896 ex

20 2916 163 2985 alacre
186 2922 242 2987 vel
266 2921 415 3005 maxime,
440 2921 526 3004 quod
548 2920 582 2984 in
605 2920 724 3006 impios
748 2921 915 3007 singulare
937 2918 1059 3003 suppli·

54 3005 131 3071 cium
149 3010 355 3075 invenerunt.
396 3009 467 3086 Qua
484 3009 520 3074 in
537 3029 572 3074 re
593 3012 752 3093 quantum
773 3007 946 3095 prudentia
968 3028 1059 3091 prae

53 3095 190 3162 stiterint
227 3097 284 3181 iis,
321 3098 378 3182 qui
413 3097 499 3184 apud
535 3101 659 3163 ceteros
693 3095 929 3182 sapientissimi
958 3094 1058 3159 fuisse

53 3181 204 3270 dicuntur,
229 3185 441 3251 considerate.
473 3185 732 3252 Prudentissima
754 3185 869 3250 civitas
883 3183 1059 3248 Athenien·
1078 3185 1112 3236 ‘1⁰

52 3270 143 3357 sium,
171 3274 251 3340 dum
275 3296 313 3339 ea
335 3296 443 3339 rerum
465 3275 573 3358 potita
596 3278 660 3358 est,
687 3274 787 3338 fuisse
810 3272 963 3352 traditum
990 3271 1058 3337 eius

17 3370 142 3441 ³⁵porro
169 3362 316 3430 civitatis
340 3362 617 3447 sapientissimum
640 3360 794 3428 Solonem
817 3360 928 3425 dicunt
950 3359 1059 3442 fuisse,

51 3468 118 3514 eum
137 3451 193 3534 qui
217 3450 319 3536 leges,
342 3451 458 3535 quibus
481 3451 577 3516 hodie
601 3472 728 3535 quoque
751 3452 896 3533 utuntur,
919 3448 1058 3534 scripsit.

50 3533 80 3600 Is
110 3560 182 3603 cum
214 3539 490 3625 interrogaretur,
521 3561 578 3604 cur
608 3539 736 3603 nullum
765 3537 960 3626 supplicium
987 3558 1059 3603 con·
