2576 3882
353 196 421 252 ΜΒ.
440 197 466 252 11
499 197 573 254 oAP.
593 205 697 254 ar-ra
716 206 731 266 s
750 205 863 255 ease.
1051 200 1115 266 219

107 344 207 430 longe
238 342 364 428 primus
398 342 540 408 civitatis
568 346 619 408 est
646 343 777 428 quidam
803 343 981 430 Epicrates.
1031 343 1117 412 Huic

107 431 273 498 hereditas
292 429 349 497 Hs
369 432 622 518 quingentorum
640 432 767 498 milium
785 437 919 498 venerat
939 456 959 499 a
980 434 1116 500 muliere

108 521 250 606 quadam
263 520 456 606 propinqua,
475 524 573 605 atque
590 520 639 585 ita
655 520 849 606 propinqua,
866 525 912 607 ut,
929 543 968 588 ea
987 523 1117 589 etiamsi

106 610 276 692 intestata,
290 613 375 674 esset
399 613 541 694 mortua,
562 607 752 694 Epicratem
774 607 965 677 Bidinorum
987 611 1116 698 legibus

79 699 260 763 ⁵heredem
289 719 359 763 esse
388 702 561 783 oporteret.
605 697 729 764 Recens
753 701 824 762 erat
845 698 905 765 illa
921 719 992 785 res,
1019 722 1117 784 quam

91 790 186 852 ,ante
209 786 444 871 demonstravi,
471 786 510 851 de
533 785 685 854 Heraclio
709 783 924 872 Syracusano,
952 787 1008 872 qni
1030 790 1116 854 bona

107 897 176 940 non
192 874 396 960 perdidisset,
417 874 483 940 nisi
501 874 531 940 ei
552 875 695 940 venisset
716 874 888 940 hereditas.
929 874 1014 941 Huic
1037 898 1116 960 quo·

109 985 172 1047 que
203 963 351 1048 Epicrati
381 966 529 1048 venerat,
559 967 598 1028 ut
630 962 709 1048 dixi,
739 963 912 1032 hereditas.
963 962 1116 1050 Cogitare
1135 975 1169 1026 ol

109 1055 286 1136 coeperunt
316 1051 385 1117 eius
412 1051 535 1117 inimici
560 1051 665 1118 nihilo
692 1051 798 1117 minus
827 1052 939 1117 eodem
965 1055 1117 1138 praetore

66 1157 95 1195 ιο
110 1139 213 1204 everti
235 1140 320 1206 hunc
341 1139 436 1206 bonis
459 1161 568 1226 posse,
592 1161 656 1224 quo
673 1139 845 1206 Heraclius
868 1143 955 1206 esset
977 1161 1116 1206 eversus.

109 1227 193 1292 Rem
210 1229 334 1294 occulte
351 1228 537 1313 instituunt,
556 1229 597 1293 ad
607 1229 742 1294 Verrem
759 1251 818 1314 per
836 1229 904 1294 eius
923 1229 1116 1315 interpretes

109 1316 267 1382 deferrmt.
308 1317 361 1382 Ita
383 1339 481 1382 causa
504 1317 722 1402 componitur,
744 1320 781 1381 ut
803 1317 883 1382 item
905 1318 1117 1403 palaestritae

107 1404 218 1470 Bidini
250 1409 399 1491 peterent
431 1406 472 1471 ab
502 1405 655 1491 Epicrate
686 1405 915 1491 hereditatem,
948 1426 1044 1490 quem
1076 1405 1118 1472 ad

13 1537 15 1540 -
109 1493 242 1559 modum
255 1493 466 1578 palaestritae
480 1491 674 1578 Syracusani
689 1495 730 1558 ab
744 1493 898 1560 Heraclio
914 1494 1117 1580 petivissent.
1153 1488 1155 1493 ’

64 1587 94 1638 1⁵
108 1581 296 1667 Numquam
323 1603 383 1648 vos
402 1585 593 1667 'praetorem
620 1586 689 1646 tam
716 1582 947 1666 palaestricum
974 1583 1117 1667 vidistis,

108 1691 222 1736 verum
253 1671 301 1736 ita
332 1670 541 1757 palaestritas
575 1669 779 1754 defendebat,
810 1674 848 1735 ut
879 1671 920 1734 ab
952 1670 1019 1735 illis
1046 1672 1116 1755 ipse
1162 1691 1163 1694 ’

108 1759 238 1824 unctior
251 1759 366 1824 abiret.
387 1757 412 1842 t
434 1757 624 1834 Qui'statim
638 1758 724 1842 quod
741 1779 895 1843 praesens
913 1762 1008 1842 esset,
1025 1758 1117 1824 iubet

109 1846 237 1930 cuidam
266 1847 443 1913 amicorum
471 1869 602 1912 suorum
628 1845 793 1911 numerari
818 1844 874 1910 HS
901 1863 1007 1910 nxxx.
1051 1845 1116 1912 Res
1136 1859 1169 1910 os

110 1935 267 2000 occultari
295 1936 376 2000 satis
403 1957 470 2000 non
496 1935 617 2020 potuit,
644 1956 703 2019 per
725 1934 885 2018 quendam
909 1955 1034 2018 eorum,
1062 1935 1118 2019 qui

64 2039 95 2088 20
109 2023 338 2108 interfuerant,
353 2061 355 2067 ,
368 2023 407 2088 fit
434 2022 604 2110 Epicrates
631 2022 758 2088 certior.
806 2021 917 2087 Primo
944 2022 1117 2109 neglegere
1245 2025 1249 2036 ’

110 2112 219 2196 coepit
241 2115 274 2176 et
297 2115 515 2197 contemnere,
543 2112 630 2196 qnod
652 2132 750 2178 causa
772 2131 919 2195 prorsus,
946 2110 1032 2195 quod
1056 2111 1117 2176 dis·

109 2199 220 2284 putari
246 2204 371 2286 posset,
398 2193 660 2265 nihil'habebat.
705 2197 830 2264 Deinde
855 2221 928 2264 curn
951 2198 990 2264 de
1013 2198 1117 2266 Hera-

110 2288 174 2354 clio
198 2289 359 2374 cogitaret
377 2291 416 2368 et
437 2287 533 2354 istius
557 2288 725 2354 libidinem
747 2290 872 2372 nosset,
897 2287 1117 2353 commodissi·

110 2398 200 2442 mum
235 2376 365 2462 putavit
397 2398 467 2442 esse
499 2377 538 2441 de
569 2375 737 2461 provincia
768 2376 854 2440 elam
886 2375 974 2440 abire
1006 2377 1117 2461 itaque

65 2481 96 2524 25
109 2465 202 2550 fecit3
229 2465 394 2550 profectus
422 2468 473 2530 est
493 2464 641 2550 Regium.
687 2462 780 2540 Quod
805 2464 863 2528 ubi
889 2463 1034 2530 auditum
1058 2469 1169 2550 est,23

79 2636 82 2641 Ι
110 2556 260 2619 aestuare
281 2553 341 2638 illi,
364 2553 420 2638 qui
441 2553 612 2638 pecuniam
634 2552 797 2635 dederant,
819 2556 935 2637 putare
956 2553 1039 2618 nihil
1063 2554 1119 2640 agi

109 2663 207 2727 posse
221 2642 354 2706 absente
367 2640 534 2726 Epicrate3
552 2663 629 2706 nam
642 2640 813 2706 Heraclius
831 2645 942 2706 tamen
960 2641 1117 2726 adfuerat,

110 2753 184 2796 cum
206 2730 312 2815 primo
336 2733 413 2795 sunt
435 2730 505 2795 dati
525 2729 659 2814 iudices3
686 2729 725 2794 de
747 2729 823 2814 hoc,
850 2729 919 2813 qui,
941 2733 1116 2814 antequam
1251 2788 1253 2792 .

111 2818 236 2884 aditum
253 2817 289 2882 in
306 2817 356 2883 ins
376 2821 470 2902 esset,
493 2822 668 2903 antequam
685 2819 807 2883 mentio
831 2817 967 2902 denique
990 2820 1116 2883 contro·

65 2925 97 2966 ao
110 2907 236 2973 versiae
262 2907 350 2972 facta
378 2910 463 2971 esset
490 2907 572 2990 ulla,
604 2905 818 2990 discessisset,
844 2905 1007 2990 putabant
1032 2904 1116 2969 nihil

111 2995 166 3080 agi
181 3017 286 3079 posse.
318 2993 474 3060 Homines
494 2993 633 3080 Regium
650 2994 911 3078 proficiscuntur3
928 2992 1116 3078 Epicratem

110 3083 307 3150 conveniunt
326 3087 359 3148 et
377 3083 610 3166 demonstrant,
628 3083 661 3147 id
680 3081 766 3166 quod
783 3082 839 3146 ille
858 3080 990 3165 sciebat,
1009 3102 1043 3148 se
1059 3081 1115 3148 HS
1203 3161 1205 3165 ,

109 3189 208 3238 nm
231 3171 369 3256 dedisse3
394 3174 513 3258 rogant
536 3193 623 3255 enm,
645 3174 682 3236 ut
705 3169 769 3235 sihi
790 3170 837 3254 id,
860 3168 947 3253 quod
970 3169 1011 3235 ab
1034 3169 1116 3255 ipsis

111 3259 235 3326 abisset
265 3259 432 3344 pecuniae,
468 3264 571 3344 curet,
607 3259 649 3324 ab
682 3279 752 3324 sese
784 3261 910 3337 caveat,
947 3278 1041 3342 quem
1075 3258 1116 3323 ad

65 3367 96 3410 ⁸⁵
110 3348 243 3415 modum
256 3347 345 3433 velit,
364 3349 402 3414 de
420 3348 480 3413 illa
497 3347 677 3414 hereditate
696 3369 769 3414 cum
782 3345 935 3430 Epicrate
953 3346 1115 3412 neminem

110 3459 181 3503 esse
200 3440 356 3502 acturum.
392 3436 562 3521 Epicrates
580 3437 727 3504 homines
747 3435 860 3499 multis
884 3435 992 3501 verbis
1015 3435 1056 3500 ab
1081 3457 1115 3501 se
1134 3454 1190 3506 ee.

109 3527 196 3593 male
222 3529 372 3612 acceptos
395 3525 546 3610 dimittit3
573 3525 708 3590 redeunt
729 3521 781 3588 illi
802 3523 907 3612 Regio
930 3521 1115 3611 Syracusas,
