2604 3880
29 3683 32 3717 ,

203 188 247 254 90
395 183 468 239 PRO
487 184 519 250 Q.
533 182 663 240 ROSCIO
682 180 859 238 COMOEDO
879 179 1022 236 ORATIO.

203 334 262 396 est.
298 328 422 395 Tamen
438 327 561 394 fraudis
581 350 618 394 ac
635 327 717 394 furti
739 327 938 393 mentionem
960 325 1071 391 facere
1095 326 1217 391 audes?

202 419 334 483 Perstat
369 418 404 483 in
441 416 650 503 impudentia
706 414 910 482 ‘Pactionem
948 413 1061 498 enim',
1099 414 1217 499 inquit,

204 506 345 572 ‘mecum
366 504 509 572 fecerat?
545 504 667 571 Idcirco
690 503 850 588 videlicet,
871 524 913 570 ne
935 503 1218 569 condemnarctm.

204 594 289 672 Quid
316 598 387 660 erat
413 615 542 678 causae,
571 614 628 660 cur
654 596 827 676 metueret,
854 613 895 657 nc
922 590 1217 658 condemnatam?

206 720 244 730 -
269 683 334 748 Res
357 686 428 748 crat
451 681 636 764 manifesta,
658 681 783 746 furtum
806 683 877 746 erat
900 683 1060 764 apertum.
1231 698 1242 737 a

150 783 185 833 aa
270 769 370 837 Ouius
397 770 445 836 rei
471 770 597 836 furtum
617 769 742 836 factum
764 768 857 834 erat?
892 766 1073 833 Exorditur
1094 789 1220 854 magna

154 858 701 1033 10acm⁰¹afffflgsstzu
718 856 1220 1010 tittttttss'ttttttt

311 999 318 1013 ·
562 996 572 1030 r
704 995 713 1030 r
944 993 952 1029 r
1272 1013 1273 1016 ,

204 1036 322 1102 Roscio
350 1033 549 1102 communis?
595 1033 659 1100 Hic
684 1033 826 1119 primum
851 1036 985 1118 questus
1009 1037 1061 1098 est
1082 1054 1156 1098 non
1176 1033 1221 1097 la·

204 1125 289 1190 viter
321 1121 469 1189 Saturius
505 1143 709 1190 communem
744 1121 868 1188 factum
900 1142 971 1186 ease
1003 1121 1110 1207 gratis
1146 1143 1221 1187 cnm
1234 1143 1254 1182 o

204 1213 336 1296 Roscio,
363 1212 419 1296 qui
445 1211 550 1296 pretio
577 1210 729 1295 proprius
756 1209 874 1274 fnisset
900 1209 1015 1274 Fanni.
1060 1208 1221 1296 Largitus

206 1304 257 1366 est
288 1299 412 1366 scilicet
438 1299 536 1365 homo
563 1298 711 1364 liberalis
739 1302 772 1363 et
799 1298 978 1363 dissolutus
1006 1301 1040 1363 et
1067 1298 1222 1364 bonitate
1273 1349 1274 1394 ,

152 1400 187 1450 aa
206 1388 342 1454 affluens
360 1387 502 1452 Fannius
524 1386 652 1453 Roscio.
693 1383 747 1451 Sic
768 1390 858 1472 puto.
900 1386 1062 1463 Quoniam
1084 1386 1147 1451 ille
1169 1387 1222 1452 bic

206 1476 354 1542 constitit
380 1475 559 1560 paulisper,
587 1475 668 1540 mihi
695 1495 823 1559 quoque
849 1495 980 1540 neccsse
1008 1477 1060 1539 est
1081 1475 1222 1560 paulum

205 1563 409 1630 commorari
452 1564 641 1650 Panurgum
671 1567 722 1647 tu,
754 1560 878 1647 Saturi,
910 1562 1081 1648 proprium
1112 1561 1223 1628 Fanni
1236 1582 1256 1622 ιε

207 1653 286 1718 dicis
316 1651 426 1718 fuisse.
476 1651 523 1716 At
555 1673 616 1738 ego
647 1654 756 1716 totum
787 1651 886 1717 Rosci
916 1649 1017 1716 fuisse
1046 1652 1223 1716 contendo.
1274 1681 1275 1718 1

207 1741 291 1818 Quid
319 1744 389 1806 erat
416 1739 502 1805 enim
528 1738 655 1805 Fanni?
691 1738 825 1824 Corpus.
873 1738 957 1815 Quid
982 1738 1103 1804 Rosci?
1150 1739 1224 1806 Dis-

207 1829 336 1914 ciplina.
376 1826 488 1894 Facies
513 1830 686 1911 nouerat,
715 1849 768 1893 ars
792 1830 864 1893 erat
885 1826 1039 1912 pretiosa
1081 1825 1135 1893 Ex
1159 1849 1225 1913 qua

206 1921 301 2003 parte
327 1920 400 1982 erat
424 1915 543 1999 Fanni,
569 1937 636 1981 non
662 1919 733 1981 erat
758 1913 815 1981 Hs
836 1933 938 1998 nnec,
966 1936 1005 1980 cx
1032 1936 1099 2000 qna
1125 1921 1224 2002 parte

112 2063 117 2071 .
208 2009 278 2071 erat
304 2004 417 2087 Rosci,
449 2003 590 2089 amplius
622 2006 694 2068 erat
724 2001 780 2069 Hs
811 2019 971 2087 00010003
1001 2025 1099 2069 nemo
1135 2005 1276 2084 anima,

207 2094 301 2158 illum
334 2114 373 2157 ex
399 2095 515 2157 trunco
542 2091 688 2176 corporis
713 2092 896 2176 spectabat,
928 2091 985 2157 sed
1012 2113 1051 2156 ex
1079 2093 1223 2158 artificio
1275 2091 1276 2120 i

207 2181 329 2247 comico
358 2179 567 2282 aestimabat,
594 2201 671 2244 nam
696 2179 757 2281 illa
784 2180 933 2245 membre
955 2201 1079 2282 merare
1102 2202 1166 2265 per
1188 2203 1224 2246 se

206 2291 278 2422 tt
292 2267 1225 2438 :tittrftttfftttdtmnttnnttffttattt

155 2445 235 2510 290
265 2444 454 2510 societatem
481 2443 662 2528 captiosam
689 2448 723 2509 et
746 2443 928 2530 indignam,
954 2444 1012 2509 ubi
1027 2445 1137 2528 alter,
1166 2444 1225 2510 HS
1239 2463 1261 2503 a

208 2551 310 2618 111100,
339 2532 437 2617 altar,
464 2547 604 2598 cccmoo
632 2531 719 2615 quod
745 2531 803 2616 sit,
829 2532 865 2596 in
891 2532 1083 2598 societatem
1110 2534 1225 2598 affert!

207 2621 272 2687 nisi
288 2621 409 2687 idcirco
427 2620 565 2688 molesta
582 2619 715 2704 pateris,
738 2620 825 2704 quod
842 2618 898 2684 HS
916 2639 1006 2686 1111oe
1020 2623 1058 2685 tu
1082 2643 1122 2686 ex
1147 2644 1226 2686 arca

208 2710 411 2795 proferebas,
433 2706 490 2773 HS
513 2723 656 2775 ccclooo
680 2729 719 2773 ex
742 2708 913 2793 disciplina
935 2713 969 2774 et
992 2708 1132 2776 artificio
1157 2710 1226 2775 Ro

209 2799 293 2864 scius
316 2798 497 2882 promebat.
542 2796 648 2873 Quam
670 2795 758 2861 enim
780 2818 872 2881 spem
895 2800 930 2861 et
952 2797 1226 2882 expectationem,

209 2887 295 2973 quod
326 2886 470 2952 studium
503 2889 536 2950 et
568 2906 664 2969 quem
695 2883 842 2952 favorem
869 2906 979 2950 secum
1005 2885 1042 2949 in
1068 2903 1261 2952 scaenamw

208 2975 322 3041 attulit
339 2974 519 3060 Panurgus,
542 2972 629 3059 quod
650 2972 750 3038 Rosci
770 2972 835 3038 fuit
857 2972 1050 3058 discipulus!
1088 2972 1155 3050 Qui
1179 2975 1226 3040 di-

208 3063 356 3150 ligebant
380 3063 480 3146 hunc,
506 3062 558 3126 illi
579 3062 747 3146 favebant,
776 3061 832 3146 qui
855 3061 1104 3127 admirabantur
1125 3061 1226 3146 hunc,

207 3151 302 3217 illum
324 3152 519 3236 probabant,
541 3148 597 3235 qui
621 3148 756 3233 denique
779 3149 876 3214 huius
897 3171 1018 3216 nomen
1041 3149 1227 3233 audierant,

207 3239 303 3305 illum
333 3239 496 3305 cruditum
525 3242 559 3303 et
587 3236 773 3322 perfectum
796 3237 1038 3303 existimabant.
1089 3235 1146 3310 Sic
1175 3241 1228 3303 cst

208 3326 341 3412 vulgus,
362 3349 401 3392 ex
418 3327 557 3394 veritate
574 3347 687 3412 pauca,
705 3348 744 3391 ex
763 3326 914 3411 opinione
933 3327 1039 3392 multa
1057 3326 1226 3392 aestimat
1240 3339 1264 3382 ⁸

156 3425 191 3474 co
210 3413 294 3487 Quid
320 3414 419 3479 sciret
444 3415 515 3497 ille,
541 3414 695 3498 perpauci
718 3413 1034 3499 animadvertebant,
1060 3414 1121 3480 ubi
1144 3415 1228 3480 didi·

210 3498 316 3582 cisset,
334 3521 446 3566 omnes
465 3502 677 3585 quaerebant3
699 3500 782 3565 nihil
801 3503 842 3566 ab
861 3501 924 3568 hoc
940 3524 1080 3588 pravum
1100 3506 1133 3567 et
1152 3525 1228 3590 per·
