2564 3876
152 180 196 243 20
419 175 491 230 PRO
509 175 540 230 P.
559 174 733 241 QUINCTIO
753 173 899 228 ORATIO.

150 327 224 388 erat
257 322 471 408 procurator?
512 318 617 386 Credo
651 319 794 404 aliquem
826 318 964 384 electum
996 317 1167 383 hominem

153 415 317 498 egentem,
349 410 544 494 litigiosum,
575 409 774 493 improbum,
807 407 862 492 qui
892 410 1005 492 posset
1032 427 1167 472 scurrae

153 500 264 566 divitis
291 499 488 565 cotidianum
512 497 692 562 convicium
715 495 884 560 sustinere.
924 493 1018 560 Nihil
1041 495 1167 579 minus3

154 610 251 672 eques
283 587 450 652 Romanus
486 586 645 670 locupleS,
682 585 733 650 sui
766 583 892 670 negotii
923 584 1005 648 bene
1038 605 1167 670 gerens,

154 678 291 760 denique
317 676 360 759 is,
388 698 497 759 quem,
525 675 675 759 quotiens
698 671 842 738 Naevius
866 672 902 737 in
924 671 1069 736 Galliam
1092 694 1196 756 pro-a

100 762 257 830 20fectus
286 767 349 845 est,
377 766 621 848 procuratorem
644 761 768 826 Romae
795 760 936 846 reliquit.
981 759 1027 825 Et
1056 760 1167 844 audes,

154 851 225 918 Sex.
239 853 271 918 N
273 852 353 936 aevi,
372 874 492 938 negare
508 852 677 915 absentem
696 849 863 915 defensum
882 870 953 913 esse
967 846 1166 931 Quinotium,

153 964 227 1007 cum
249 964 323 1006 eum
346 940 524 1005 defenderit
546 939 641 1021 idem,
664 938 720 1022 qui
742 942 775 1002 te
799 937 949 1002 solebat?
973 940 1015 1022 et,
1038 959 1113 1003 cum
1137 937 1165 1003 is

153 1030 307 1096 iudicium
321 1029 481 1113 acceperit
494 1049 553 1113 pro
568 1026 727 1109 Quinctio,
746 1027 798 1094 cui
812 1030 849 1090 tu
863 1030 896 1092 et
910 1047 979 1090 rem
994 1029 1027 1090 et
1039 1025 1167 1091 famam

153 1122 246 1184 tuam
273 1118 497 1184 commendare
524 1117 730 1201 proficiscens
756 1118 789 1179 et
811 1114 1001 1180 concredere
1025 1114 1167 1194 solebas,
1183 1142 1209 1181 re

154 1207 281 1272 conaris
299 1206 361 1270 hoc
384 1206 498 1287 dicere,
520 1204 682 1269 neminem
705 1203 879 1287 exstitisse,
902 1202 958 1287 qui
977 1202 1167 1278 Quinctium

153 1295 272 1359 iudicio
297 1293 503 1358 defenderet?

102 1393 135 1446 ea
223 1380 469 1464 ‘Postulabam',
482 1379 598 1464 inquit,
614 1379 664 1443 ‘ut
677 1381 758 1444 satis
774 1377 886 1444 daret?
914 1378 1039 1444 Iniuria
1051 1384 1165 1464 postu-

155 1470 263 1554 labas,
286 1470 335 1534 ita
352 1470 518 1552 videbare,
540 1468 713 1533 recusabat
726 1468 873 1532 Alfenus.
892 1503 936 1514 --
955 1465 1028 1551 ‘Ita
1050 1489 1165 1534 rerum

154 1563 287 1644 praetor
316 1555 527 1623 decernebat?
551 1593 594 1603 —
617 1556 755 1621 Tribuni
777 1556 880 1642 igitur
903 1555 1165 1641 appellabantur.
1181 1583 1207 1624 ιε

155 1684 197 1694 -
222 1646 300 1712 ‘Hic
323 1645 382 1730 te',
404 1645 523 1730 inquit,
547 1644 671 1728 ‘tene03
694 1666 761 1709 non
783 1648 834 1709 est
855 1643 945 1708 istud
967 1643 1038 1727 pati
1059 1665 1166 1729 neque

154 1736 273 1801 iudicio
308 1734 490 1817 defendere,
526 1756 599 1799 cum
636 1733 792 1797 auxilium
825 1755 846 1797 a
876 1731 1016 1796 tribunis
1048 1731 1165 1816 petas?

154 1823 227 1890 Hoc
245 1846 320 1910 ego,
343 1846 417 1890 cum
440 1823 586 1905 attendo,
611 1843 674 1905 qua
696 1820 869 1905 prudentia
893 1820 936 1884 sit
958 1819 1166 1901 Hortensiae,

155 1913 317 1978 dicturum
345 1934 415 1977 esse
443 1933 516 1976 eum
543 1931 609 1974 non
636 1909 787 1974 arbitror.
829 1907 911 1974 Cum
934 1912 1044 1973 autem
1067 1913 1167 1976 antea

156 2001 274 2066 dixisse
303 2001 398 2066 audio
426 2002 459 2064 et
481 2020 612 2065 causam
634 1998 741 2082 ipsam
764 1997 946 2081 considero,
974 1997 1051 2080 quid
1075 1998 1208 2066 elindeo

155 2089 260 2154 dicere
283 2089 401 2173 possit,
427 2107 493 2152 non
515 2087 648 2170 reperio.
689 2085 826 2150 Fatetur
849 2085 934 2150 enim
957 2085 1089 2150 libellos
1108 2086 1167 2151 Al·
1280 2091 1281 2112 t

154 2177 265 2240 senum
279 2176 440 2258 deiecisse,
458 2174 679 2239 vadimonium
697 2174 895 2258 promisisse,
913 2173 1068 2239 iudicium
1086 2175 1168 2259 quin

156 2264 316 2348 acciperet
333 2265 368 2327 in
391 2285 429 2328 ea
450 2262 524 2346 ipsa
545 2264 655 2346 verba,
678 2284 760 2345 quae
784 2261 926 2327 Naevius
950 2262 1076 2346 edebat,
1098 2285 1168 2329 non

155 2372 330 2435 recusasse,
352 2351 401 2416 ita
415 2355 538 2415 tamen:
557 2373 647 2415 more
661 2354 694 2415 et
712 2350 875 2434 instituto,
893 2371 952 2434 per
969 2373 1044 2416 eum
1063 2352 1167 2438 magi·

102 2453 137 2503 64
156 2443 311 2522 stratum,
339 2439 394 2523 qui
417 2439 530 2503 auxilii
553 2461 650 2504 causa
673 2439 870 2504 constitutus
894 2441 952 2503 est.
992 2439 1062 2504 Aut
1084 2439 1208 2508 haecrs

155 2529 243 2592 facta
268 2548 335 2592 non
362 2528 428 2592 sint
455 2549 584 2592 necesse
608 2530 658 2591 est
681 2530 739 2592 aut
757 2524 792 2592 0.
810 2526 975 2611 Aquilius,
1002 2527 1081 2591 talis
1105 2529 1168 2613 uir,

154 2616 280 2681 iuratus
300 2617 361 2681 hoc
380 2617 430 2679 ius
449 2616 483 2680 in
501 2616 633 2681 civitate
651 2615 844 2681 constituat:
863 2615 952 2681 cuius
971 2621 1168 2701 procurator

156 2706 235 2784 [non
267 2705 377 2770 omnia
404 2704 523 2769 iudicia
549 2705 706 2786 acceperit,
733 2725 816 2786 quae
843 2704 978 2788 quisque
1005 2704 1041 2767 ιιι
1064 2706 1168 2772 verba
1280 2733 1281 2756 ι

154 2793 341 2878 postularit,
360 2793 449 2858 cuius
464 2795 668 2876 procurator]
685 2795 868 2875 apraetore
886 2792 1036 2857 tribunos
1056 2795 1168 2878 appel-

155 2881 224 2946 lare
243 2903 340 2946 ausus
360 2882 411 2964 sit,
431 2903 504 2944 eum
521 2902 588 2945 non
606 2879 741 2962 defendi,
764 2879 833 2944 eius
852 2880 937 2945 bona
956 2884 1042 2945 recte
1062 2882 1167 2966 possi·
1180 2908 1207 2948 ac

155 2968 224 3034 deri
256 2991 367 3054 posse,
402 2968 432 3032 ei
463 2968 595 3049 misero,
632 2967 774 3051 absenti,
810 2967 925 3054 ignaro
957 2967 1168 3036 fortunarum

157 3079 288 3122 suarum
312 3057 421 3121 omnia
440 3056 526 3120 vitae
546 3059 738 3120 ornamenta
760 3077 818 3140 per
841 3078 1003 3122 summum
1028 3056 1167 3125 dedecus

103 3157 135 3208 so
156 3149 188 3209 et
206 3145 419 3231 ignominiam
444 3143 547 3227 deripi
569 3144 748 3209 convenire.
789 3143 881 3218 Quod
905 3145 933 3209 si
955 3146 1090 3230 probari
1112 3169 1168 3212 ne·

154 3234 236 3298 mini
258 3237 381 3317 potest,
408 3232 490 3296 illud
513 3234 599 3296 certe
622 3232 755 3317 probari
778 3233 928 3298 omnibus
950 3255 1082 3299 necesse
1106 3240 1168 3320 est,

155 3320 321 3385 defensum
341 3342 411 3384 esse
429 3320 547 3385 iudicio
566 3320 734 3386 absentem
753 3319 947 3396 Quinotium.
979 3321 1073 3398 Quod
1090 3346 1168 3390 cum
1181 3350 1208 3390 a

154 3407 202 3470 ita
230 3407 287 3489 sit,
315 3429 354 3472 ex
381 3408 485 3474 edicto
511 3410 597 3473 bona
620 3431 771 3493 possessa
793 3430 861 3473 non
882 3413 968 3475 sunt.
1007 3409 1054 3474 At
1077 3413 1168 3478 enim

153 3494 277 3558 tribuni
309 3495 414 3578 plebis
443 3518 485 3561 ne
513 3496 685 3562 audierunt
712 3497 850 3582 quidem.
894 3496 1027 3576 Fateor,
1060 3498 1087 3562 si
1117 3501 1167 3566 ita
