<?xml version="1.0" encoding="UTF-8"?>
<!DOCTYPE html PUBLIC "-//W3C//DTD XHTML 1.0 Transitional//EN"
    "http://www.w3.org/TR/xhtml1/DTD/xhtml1-transitional.dtd">
<html xmlns="http://www.w3.org/1999/xhtml" xml:lang="en" lang="en">
 <head>
  <title>
</title>
<meta http-equiv="Content-Type" content="text/html;charset=utf-8" />
  <meta name='ocr-system' content='tesseract 3.04.00' />
  <meta name='ocr-capabilities' content='ocr_page ocr_carea ocr_par ocr_line ocrx_word'/>
</head>
<body>
  <div class='ocr_page' id='page_1' title='image "./scriptaquaemans01mullgoog_0412.png"; bbox 0 0 2558 3884; ppageno 0'>
   <div class='ocr_carea' id='block_1_1' title="bbox 326 127 1090 239">
    <p class='ocr_par' dir='ltr' id='par_1_1' title="bbox 326 127 1090 239">
     <span class='ocr_line' id='line_1_1' title="bbox 326 127 1090 239; baseline 0.009 -10"><span class='ocrx_word' id='word_1_1' title='bbox 326 173 393 229; x_wconf 81' lang='lat' dir='ltr'>LIB.</span> <span class='ocrx_word' id='word_1_2' title='bbox 412 173 453 228; x_wconf 82' lang='grc' dir='ltr'>ιιι</span> <span class='ocrx_word' id='word_1_3' title='bbox 484 172 561 228; x_wconf 81' lang='lat' dir='ltr'>OAP.</span> <span class='ocrx_word' id='word_1_4' title='bbox 580 179 685 229; x_wconf 82' lang='grc' dir='ltr'>ιο-ιο</span> <span class='ocrx_word' id='word_1_5' title='bbox 704 179 719 239; x_wconf 78' lang='lat' dir='ltr'>s</span> <span class='ocrx_word' id='word_1_6' title='bbox 738 127 858 230; x_wconf 40' lang='lat' dir='ltr'>‹sc-ro..</span> <span class='ocrx_word' id='word_1_7' title='bbox 1026 171 1090 238; x_wconf 79' lang='grc'>297</span> 
     </span>
    </p>
   </div>
   <div class='ocr_carea' id='block_1_2' title="bbox 40 317 1268 3579">
    <p class='ocr_par' dir='ltr' id='par_1_2' title="bbox 40 317 1268 3579">
     <span class='ocr_line' id='line_1_2' title="bbox 74 317 1092 404; baseline 0.001 -22"><span class='ocrx_word' id='word_1_8' title='bbox 74 317 343 404; x_wconf 79' lang='lat' dir='ltr'><strong>Agyrinensibus</strong></span> <span class='ocrx_word' id='word_1_9' title='bbox 371 317 537 401; x_wconf 69' lang='lat' dir='ltr'>iniciebat,</span> <span class='ocrx_word' id='word_1_10' title='bbox 565 319 808 402; x_wconf 74' lang='lat' dir='ltr'>recuperatores</span> <span class='ocrx_word' id='word_1_11' title='bbox 836 339 870 382; x_wconf 89' lang='lat' dir='ltr'>se</span> <span class='ocrx_word' id='word_1_12' title='bbox 895 317 935 382; x_wconf 87' lang='lat' dir='ltr'>de</span> <span class='ocrx_word' id='word_1_13' title='bbox 958 317 1092 383; x_wconf 77' lang='lat' dir='ltr'>cohorte</span> 
     </span>
     <span class='ocr_line' id='line_1_3' title="bbox 75 405 1092 491; baseline -0.001 -20"><span class='ocrx_word' id='word_1_14' title='bbox 75 429 134 471; x_wconf 90' lang='lat' dir='ltr'>sua</span> <span class='ocrx_word' id='word_1_15' title='bbox 159 407 318 472; x_wconf 88' lang='lat' dir='ltr'>daturum</span> <span class='ocrx_word' id='word_1_16' title='bbox 341 406 535 471; x_wconf 79' lang='lat' dir='ltr'>minabatur.</span> <span class='ocrx_word' id='word_1_17' title='bbox 573 405 803 491; x_wconf 83' lang='lat' dir='ltr'>Agyrinenses,</span> <span class='ocrx_word' id='word_1_18' title='bbox 826 405 889 470; x_wconf 88' lang='lat' dir='ltr'>viri</span> <span class='ocrx_word' id='word_1_19' title='bbox 910 405 1092 490; x_wconf 87' lang='lat' dir='ltr'>fortissimi,</span> 
     </span>
     <span class='ocr_line' id='line_1_4' title="bbox 74 494 1146 581; baseline 0.002 -23"><span class='ocrx_word' id='word_1_20' title='bbox 74 495 198 560; x_wconf 89' lang='lat' dir='ltr'>iudicio</span> <span class='ocrx_word' id='word_1_21' title='bbox 215 517 251 560; x_wconf 90' lang='lat' dir='ltr'>se</span> <span class='ocrx_word' id='word_1_22' title='bbox 270 515 424 581; x_wconf 90' lang='lat' dir='ltr'>passuros</span> <span class='ocrx_word' id='word_1_23' title='bbox 443 516 513 560; x_wconf 90' lang='lat' dir='ltr'>esse</span> <span class='ocrx_word' id='word_1_24' title='bbox 534 494 692 559; x_wconf 87' lang='lat' dir='ltr'>dicebant.</span> <span class='ocrx_word' id='word_1_25' title='bbox 727 495 901 578; x_wconf 82' lang='lat' dir='ltr'>Ingerebat</span> <span class='ocrx_word' id='word_1_26' title='bbox 921 495 983 560; x_wconf 90' lang='lat' dir='ltr'>iste</span> <span class='ocrx_word' id='word_1_27' title='bbox 997 495 1093 560; x_wconf 89' lang='lat' dir='ltr'>Arte·</span> <span class='ocrx_word' id='word_1_28' title='bbox 1112 503 1146 552; x_wconf 79' lang='grc'>69</span> 
     </span>
     <span class='ocr_line' id='line_1_5' title="bbox 75 581 1094 667; baseline 0.001 -20"><span class='ocrx_word' id='word_1_29' title='bbox 75 583 246 648; x_wconf 90' lang='lat' dir='ltr'>midorum</span> <span class='ocrx_word' id='word_1_30' title='bbox 279 581 465 648; x_wconf 83' lang='lat' dir='ltr'>Cornelium</span> <span class='ocrx_word' id='word_1_31' title='bbox 502 583 661 648; x_wconf 88' lang='lat' dir='ltr'>medicum</span> <span class='ocrx_word' id='word_1_32' title='bbox 693 584 727 646; x_wconf 91' lang='lat' dir='ltr'>et</span> <span class='ocrx_word' id='word_1_33' title='bbox 758 581 983 667; x_wconf 83' lang='lat' dir='ltr'>Tlepolemum</span> <span class='ocrx_word' id='word_1_34' title='bbox 1015 581 1094 648; x_wconf 81' lang='lat' dir='ltr'>Gor-</span> 
     </span>
     <span class='ocr_line' id='line_1_6' title="bbox 40 670 1094 757; baseline 0.002 -21"><span class='ocrx_word' id='word_1_35' title='bbox 40 690 51 729; x_wconf 71' lang='lat'><strong>5</strong></span> <span class='ocrx_word' id='word_1_36' title='bbox 74 671 204 736; x_wconf 91' lang='lat' dir='ltr'>nelium</span> <span class='ocrx_word' id='word_1_37' title='bbox 233 672 392 757; x_wconf 89' lang='lat' dir='ltr'>pictorem</span> <span class='ocrx_word' id='word_1_38' title='bbox 415 675 448 735; x_wconf 96' lang='lat' dir='ltr'>et</span> <span class='ocrx_word' id='word_1_39' title='bbox 471 671 539 735; x_wconf 92' lang='lat' dir='ltr'>eius</span> <span class='ocrx_word' id='word_1_40' title='bbox 562 670 650 735; x_wconf 90' lang='lat' dir='ltr'>modi</span> <span class='ocrx_word' id='word_1_41' title='bbox 673 675 928 754; x_wconf 84' lang='lat' dir='ltr'>recuperatores,</span> <span class='ocrx_word' id='word_1_42' title='bbox 956 693 1094 756; x_wconf 88' lang='lat' dir='ltr'>quorum</span> 
     </span>
     <span class='ocr_line' id='line_1_7' title="bbox 76 757 1094 845; baseline 0.002 -21"><span class='ocrx_word' id='word_1_43' title='bbox 76 760 157 824; x_wconf 87' lang='lat' dir='ltr'>civis</span> <span class='ocrx_word' id='word_1_44' title='bbox 188 761 357 824; x_wconf 86' lang='lat' dir='ltr'>Romanus</span> <span class='ocrx_word' id='word_1_45' title='bbox 384 781 479 824; x_wconf 91' lang='lat' dir='ltr'>nemo</span> <span class='ocrx_word' id='word_1_46' title='bbox 508 763 593 843; x_wconf 90' lang='lat' dir='ltr'>erat,</span> <span class='ocrx_word' id='word_1_47' title='bbox 622 758 678 823; x_wconf 89' lang='lat' dir='ltr'>sed</span> <span class='ocrx_word' id='word_1_48' title='bbox 705 757 821 824; x_wconf 82' lang='lat' dir='ltr'>Graeci</span> <span class='ocrx_word' id='word_1_49' title='bbox 849 761 999 845; x_wconf 85' lang='lat' dir='ltr'>sacrilegi</span> <span class='ocrx_word' id='word_1_50' title='bbox 1029 761 1094 826; x_wconf 81' lang='lat' dir='ltr'>iam</span> 
     </span>
     <span class='ocr_line' id='line_1_8' title="bbox 75 845 1094 933; baseline 0.001 -22"><span class='ocrx_word' id='word_1_51' title='bbox 75 848 208 932; x_wconf 88' lang='lat' dir='ltr'>pridem</span> <span class='ocrx_word' id='word_1_52' title='bbox 242 848 398 932; x_wconf 87' lang='lat' dir='ltr'>improbi,</span> <span class='ocrx_word' id='word_1_53' title='bbox 429 852 562 933; x_wconf 88' lang='lat' dir='ltr'>repente</span> <span class='ocrx_word' id='word_1_54' title='bbox 590 845 741 912; x_wconf 77' lang='lat' dir='ltr'>Cornelii.</span> <span class='ocrx_word' id='word_1_55' title='bbox 785 845 950 912; x_wconf 90' lang='lat' dir='ltr'>Videbant</span> <span class='ocrx_word' id='word_1_56' title='bbox 977 846 1094 933; x_wconf 88' lang='lat' dir='ltr'>Agyri·</span> 
     </span>
     <span class='ocr_line' id='line_1_9' title="bbox 76 934 1094 1021; baseline 0.001 -22"><span class='ocrx_word' id='word_1_57' title='bbox 76 958 213 1021; x_wconf 90' lang='lat' dir='ltr'>nenses,</span> <span class='ocrx_word' id='word_1_58' title='bbox 238 936 390 1020; x_wconf 89' lang='lat' dir='ltr'>quicquid</span> <span class='ocrx_word' id='word_1_59' title='bbox 413 937 454 1000; x_wconf 90' lang='lat' dir='ltr'>ad</span> <span class='ocrx_word' id='word_1_60' title='bbox 477 957 531 1000; x_wconf 90' lang='lat' dir='ltr'>eos</span> <span class='ocrx_word' id='word_1_61' title='bbox 555 939 797 1019; x_wconf 86' lang='lat' dir='ltr'>recuperatores</span> <span class='ocrx_word' id='word_1_62' title='bbox 821 934 985 1019; x_wconf 86' lang='lat' dir='ltr'>Apronius</span> <span class='ocrx_word' id='word_1_63' title='bbox 1010 940 1094 1000; x_wconf 87' lang='lat' dir='ltr'>attu-</span> 
     </span>
     <span class='ocr_line' id='line_1_10' title="bbox 77 1023 1094 1110; baseline 0.002 -24"><span class='ocrx_word' id='word_1_64' title='bbox 77 1024 190 1110; x_wconf 89' lang='lat' dir='ltr'>lisset,</span> <span class='ocrx_word' id='word_1_65' title='bbox 222 1024 318 1089; x_wconf 89' lang='lat' dir='ltr'>illum</span> <span class='ocrx_word' id='word_1_66' title='bbox 345 1023 500 1109; x_wconf 87' lang='lat' dir='ltr'>perfacile</span> <span class='ocrx_word' id='word_1_67' title='bbox 526 1024 755 1109; x_wconf 88' lang='lat' dir='ltr'>probaturum;</span> <span class='ocrx_word' id='word_1_68' title='bbox 787 1023 993 1088; x_wconf 89' lang='lat' dir='ltr'>condemnari</span> <span class='ocrx_word' id='word_1_69' title='bbox 1022 1044 1094 1088; x_wconf 92' lang='lat' dir='ltr'>cum</span> 
     </span>
     <span class='ocr_line' id='line_1_11' title="bbox 42 1112 1095 1196; baseline 0.006 -25"><span class='ocrx_word' id='word_1_70' title='bbox 42 1131 66 1170; x_wconf 83' lang='grc' dir='ltr'>ιο</span> <span class='ocrx_word' id='word_1_71' title='bbox 77 1112 178 1178; x_wconf 89' lang='lat' dir='ltr'>istius</span> <span class='ocrx_word' id='word_1_72' title='bbox 197 1112 322 1178; x_wconf 84' lang='lat' dir='ltr'>invidia</span> <span class='ocrx_word' id='word_1_73' title='bbox 339 1112 538 1196; x_wconf 83' lang='lat' dir='ltr'>infamiaque</span> <span class='ocrx_word' id='word_1_74' title='bbox 556 1113 724 1176; x_wconf 88' lang='lat' dir='ltr'>malebant</span> <span class='ocrx_word' id='word_1_75' title='bbox 745 1133 842 1195; x_wconf 90' lang='lat' dir='ltr'>quam</span> <span class='ocrx_word' id='word_1_76' title='bbox 866 1112 907 1176; x_wconf 90' lang='lat' dir='ltr'>ad</span> <span class='ocrx_word' id='word_1_77' title='bbox 930 1112 998 1176; x_wconf 92' lang='lat' dir='ltr'>eius</span> <span class='ocrx_word' id='word_1_78' title='bbox 1022 1133 1095 1177; x_wconf 89' lang='lat' dir='ltr'>cou-</span> 
     </span>
     <span class='ocr_line' id='line_1_12' title="bbox 79 1199 1095 1286; baseline 0 -22"><span class='ocrx_word' id='word_1_79' title='bbox 79 1200 227 1266; x_wconf 90' lang='lat' dir='ltr'>diciones</span> <span class='ocrx_word' id='word_1_80' title='bbox 254 1201 485 1286; x_wconf 86' lang='lat' dir='ltr'>pactionesque</span> <span class='ocrx_word' id='word_1_81' title='bbox 511 1200 668 1265; x_wconf 87' lang='lat' dir='ltr'>accedere.</span> <span class='ocrx_word' id='word_1_82' title='bbox 710 1199 929 1284; x_wconf 83' lang='lat' dir='ltr'>Quaerebant,</span> <span class='ocrx_word' id='word_1_83' title='bbox 956 1221 1038 1284; x_wconf 89' lang='lat' dir='ltr'>quas</span> <span class='ocrx_word' id='word_1_84' title='bbox 1060 1200 1095 1264; x_wconf 90' lang='lat' dir='ltr'>in</span> 
     </span>
     <span class='ocr_line' id='line_1_13' title="bbox 79 1286 1096 1373; baseline -0.002 -19"><span class='ocrx_word' id='word_1_85' title='bbox 79 1289 184 1354; x_wconf 84' lang='lat' dir='ltr'>verba</span> <span class='ocrx_word' id='word_1_86' title='bbox 197 1293 442 1373; x_wconf 86' lang='lat' dir='ltr'>recuperatores</span> <span class='ocrx_word' id='word_1_87' title='bbox 458 1289 559 1353; x_wconf 89' lang='lat' dir='ltr'>daret.</span> <span class='ocrx_word' id='word_1_88' title='bbox 585 1288 829 1373; x_wconf 86' lang='lat' dir='ltr'>Respondebat:</span> <span class='ocrx_word' id='word_1_89' title='bbox 848 1286 884 1353; x_wconf 76' lang='lat' dir='ltr'>Sl</span> <span class='ocrx_word' id='word_1_90' title='bbox 901 1307 1016 1354; x_wconf 74' lang='lat' dir='ltr'>PARET</span> <span class='ocrx_word' id='word_1_91' title='bbox 1035 1306 1096 1352; x_wconf 80' lang='lat' dir='ltr'>An·</span> 
     </span>
     <span class='ocr_line' id='line_1_14' title="bbox 79 1375 1095 1460; baseline 0.001 -19"><span class='ocrx_word' id='word_1_92' title='bbox 79 1394 219 1443; x_wconf 79' lang='lat' dir='ltr'>vnnsus</span> <span class='ocrx_word' id='word_1_93' title='bbox 238 1395 394 1443; x_wconf 76' lang='lat' dir='ltr'>aurorum</span> <span class='ocrx_word' id='word_1_94' title='bbox 411 1393 565 1460; x_wconf 74' lang='lat' dir='ltr'>FE0188E3</span> <span class='ocrx_word' id='word_1_95' title='bbox 589 1399 653 1460; x_wconf 90' lang='lat' dir='ltr'>qua</span> <span class='ocrx_word' id='word_1_96' title='bbox 670 1377 705 1440; x_wconf 92' lang='lat' dir='ltr'>in</span> <span class='ocrx_word' id='word_1_97' title='bbox 723 1398 767 1460; x_wconf 92' lang='lat' dir='ltr'>re,</span> <span class='ocrx_word' id='word_1_98' title='bbox 791 1398 824 1442; x_wconf 93' lang='lat' dir='ltr'>se</span> <span class='ocrx_word' id='word_1_99' title='bbox 842 1377 877 1441; x_wconf 93' lang='lat' dir='ltr'>in</span> <span class='ocrx_word' id='word_1_100' title='bbox 895 1375 1012 1442; x_wconf 91' lang='lat' dir='ltr'>iudicio</span> <span class='ocrx_word' id='word_1_101' title='bbox 1033 1377 1095 1442; x_wconf 89' lang='lat' dir='ltr'>dic·</span> 
     </span>
     <span class='ocr_line' id='line_1_15' title="bbox 80 1464 1096 1551; baseline -0.001 -22"><span class='ocrx_word' id='word_1_102' title='bbox 80 1469 196 1530; x_wconf 90' lang='lat' dir='ltr'>turum</span> <span class='ocrx_word' id='word_1_103' title='bbox 220 1487 290 1530; x_wconf 89' lang='lat' dir='ltr'>esse</span> <span class='ocrx_word' id='word_1_104' title='bbox 314 1466 430 1530; x_wconf 86' lang='lat' dir='ltr'>aiebat.</span> <span class='ocrx_word' id='word_1_105' title='bbox 470 1464 688 1548; x_wconf 81' lang='lat' dir='ltr'>Iniquissimis</span> <span class='ocrx_word' id='word_1_106' title='bbox 710 1465 832 1549; x_wconf 89' lang='lat' dir='ltr'>verbis,</span> <span class='ocrx_word' id='word_1_107' title='bbox 855 1465 1096 1551; x_wconf 86' lang='lat' dir='ltr'>inprobissimis</span> 
     </span>
     <span class='ocr_line' id='line_1_16' title="bbox 45 1553 1096 1639; baseline 0.007 -28"><span class='ocrx_word' id='word_1_108' title='bbox 45 1572 69 1612; x_wconf 80' lang='grc' dir='ltr'>ιι</span> <span class='ocrx_word' id='word_1_109' title='bbox 80 1576 182 1639; x_wconf 87' lang='lat' dir='ltr'>recu</span> <span class='ocrx_word' id='word_1_110' title='bbox 184 1554 368 1620; x_wconf 86' lang='lat' dir='ltr'>crateribus</span> <span class='ocrx_word' id='word_1_111' title='bbox 396 1553 575 1618; x_wconf 90' lang='lat' dir='ltr'>conflictari</span> <span class='ocrx_word' id='word_1_112' title='bbox 601 1554 768 1618; x_wconf 86' lang='lat' dir='ltr'>malebant</span> <span class='ocrx_word' id='word_1_113' title='bbox 754 1558 894 1637; x_wconf 86' lang='lat' dir='ltr'>tquam</span> <span class='ocrx_word' id='word_1_114' title='bbox 923 1555 1096 1638; x_wconf 88' lang='lat' dir='ltr'>quicquam</span> 
     </span>
     <span class='ocr_line' id='line_1_17' title="bbox 83 1579 1096 1707; baseline -0.002 -1"><span class='ocrx_word' id='word_1_115' title='bbox 83 1664 157 1707; x_wconf 89' lang='lat' dir='ltr'>cum</span> <span class='ocrx_word' id='word_1_116' title='bbox 159 1579 256 1707; x_wconf 84' lang='lat' dir='ltr'>Pisto</span> <span class='ocrx_word' id='word_1_117' title='bbox 286 1664 346 1707; x_wconf 90' lang='lat' dir='ltr'>sua</span> <span class='ocrx_word' id='word_1_118' title='bbox 372 1643 524 1707; x_wconf 84' lang='lat' dir='ltr'>voluntat</span> <span class='ocrx_word' id='word_1_119' title='bbox 489 1663 542 1706; x_wconf 88' lang='lat' dir='ltr'>ae</span> <span class='ocrx_word' id='word_1_120' title='bbox 510 1641 724 1706; x_wconf 88' lang='lat' dir='ltr'>t.decidere</span> <span class='ocrx_word' id='word_1_121' title='bbox 774 1639 1006 1706; x_wconf 75' lang='lat' dir='ltr'>summittebat</span> <span class='ocrx_word' id='word_1_122' title='bbox 1032 1642 1096 1706; x_wconf 91' lang='lat' dir='ltr'>iste</span> 
     </span>
     <span class='ocr_line' id='line_1_18' title="bbox 83 1729 1096 1814; baseline -0.002 -20"><span class='ocrx_word' id='word_1_123' title='bbox 83 1729 334 1813; x_wconf 84' lang='lat' dir='ltr'>Timarchidem,</span> <span class='ocrx_word' id='word_1_124' title='bbox 357 1729 413 1814; x_wconf 93' lang='lat' dir='ltr'>qui</span> <span class='ocrx_word' id='word_1_125' title='bbox 432 1733 578 1794; x_wconf 91' lang='lat' dir='ltr'>moneret</span> <span class='ocrx_word' id='word_1_126' title='bbox 599 1751 663 1813; x_wconf 74' lang='lat' dir='ltr'>eoS,</span> <span class='ocrx_word' id='word_1_127' title='bbox 687 1730 714 1794; x_wconf 91' lang='lat' dir='ltr'>si</span> <span class='ocrx_word' id='word_1_128' title='bbox 738 1734 897 1813; x_wconf 88' lang='lat' dir='ltr'>saperent,</span> <span class='ocrx_word' id='word_1_129' title='bbox 921 1734 958 1792; x_wconf 90' lang='lat' dir='ltr'>ut</span> <span class='ocrx_word' id='word_1_130' title='bbox 981 1729 1096 1793; x_wconf 88' lang='lat' dir='ltr'>transi·</span> 
     </span>
     <span class='ocr_line' id='line_1_19' title="bbox 84 1781 1097 1905; baseline -0.003 -22"><span class='ocrx_word' id='word_1_131' title='bbox 84 1824 209 1904; x_wconf 81' lang='lat' dir='ltr'>gerent.</span> <span class='ocrx_word' id='word_1_132' title='bbox 255 1781 492 1905; x_wconf 81' lang='lat' dir='ltr'>Periregabant.</span> <span class='ocrx_word' id='word_1_133' title='bbox 537 1816 634 1893; x_wconf 90' lang='lat' dir='ltr'>Quid</span> <span class='ocrx_word' id='word_1_134' title='bbox 661 1817 807 1902; x_wconf 80' lang='lat' dir='ltr'>ergo?</span> <span class='ocrx_word' id='word_1_135' title='bbox 797 1839 832 1880; x_wconf 91' lang='grc' dir='ltr'>ιιι</span> <span class='ocrx_word' id='word_1_136' title='bbox 863 1818 1010 1902; x_wconf 91' lang='lat' dir='ltr'>singulos</span> <span class='ocrx_word' id='word_1_137' title='bbox 1040 1815 1097 1880; x_wconf 80' lang='lat' dir='ltr'>HS</span> 
     </span>
     <span class='ocr_line' id='line_1_20' title="bbox 85 1905 1097 1993; baseline -0.005 -21"><span class='ocrx_word' id='word_1_138' title='bbox 85 1907 324 1993; x_wconf 87' lang='lat' dir='ltr'>quinquagenis</span> <span class='ocrx_word' id='word_1_139' title='bbox 355 1907 488 1972; x_wconf 87' lang='lat' dir='ltr'>milibus</span> <span class='ocrx_word' id='word_1_140' title='bbox 516 1905 663 1970; x_wconf 87' lang='lat' dir='ltr'>damnari</span> <span class='ocrx_word' id='word_1_141' title='bbox 690 1905 879 1969; x_wconf 85' lang='lat' dir='ltr'>mavultis?&#39;</span> <span class='ocrx_word' id='word_1_142' title='bbox 925 1905 1024 1968; x_wconf 89' lang='lat' dir='ltr'>Malle</span> <span class='ocrx_word' id='word_1_143' title='bbox 1052 1905 1097 1967; x_wconf 92' lang='lat' dir='ltr'>di-</span> 
     </span>
     <span class='ocr_line' id='line_1_21' title="bbox 49 1985 1098 2067; baseline -0.001 -11"><span class='ocrx_word' id='word_1_144' title='bbox 49 2013 73 2056; x_wconf 80' lang='lat' dir='ltr'>so</span> <span class='ocrx_word' id='word_1_145' title='bbox 86 1997 214 2061; x_wconf 87' lang='lat' dir='ltr'>cebant</span> <span class='ocrx_word' id='word_1_146' title='bbox 259 1994 417 2059; x_wconf 78' lang='lat' dir='ltr'>Tum&#39;t</span> <span class='ocrx_word' id='word_1_147' title='bbox 372 1999 435 2059; x_wconf 86' lang='lat' dir='ltr'>rste</span> <span class='ocrx_word' id='word_1_148' title='bbox 469 1994 555 2058; x_wconf 89' lang='lat' dir='ltr'>clare</span> <span class='ocrx_word' id='word_1_149' title='bbox 585 1994 735 2058; x_wconf 90' lang='lat' dir='ltr'>omnibus</span> <span class='ocrx_word' id='word_1_150' title='bbox 763 1985 981 2056; x_wconf 86' lang='lat' dir='ltr'>audientibus:</span> <span class='ocrx_word' id='word_1_151' title='bbox 1010 1991 1098 2067; x_wconf 89' lang='lat' dir='ltr'>Qui</span> 
     </span>
     <span class='ocr_line' id='line_1_22' title="bbox 86 2080 1096 2166; baseline -0.003 -19"><span class='ocrx_word' id='word_1_152' title='bbox 86 2084 291 2149; x_wconf 90' lang='lat' dir='ltr'>damnatus</span> <span class='ocrx_word' id='word_1_153' title='bbox 323 2081 423 2165; x_wconf 83' lang='lat' dir='ltr'>erit&#39;,</span> <span class='ocrx_word' id='word_1_154' title='bbox 454 2081 574 2166; x_wconf 90' lang='lat' dir='ltr'>inquit,</span> <span class='ocrx_word' id='word_1_155' title='bbox 606 2080 748 2165; x_wconf 84' lang='lat' dir='ltr'>virgis</span> <span class='ocrx_word' id='word_1_156' title='bbox 781 2080 827 2144; x_wconf 89' lang='lat' dir='ltr'>ad</span> <span class='ocrx_word' id='word_1_157' title='bbox 857 2101 986 2146; x_wconf 88' lang='lat' dir='ltr'>necem</span> <span class='ocrx_word' id='word_1_158' title='bbox 1014 2102 1096 2144; x_wconf 90' lang='lat' dir='ltr'>cae-</span> 
     </span>
     <span class='ocr_line' id='line_1_23' title="bbox 85 2131 1097 2254; baseline -0.004 -18"><span class='ocrx_word' id='word_1_159' title='bbox 85 2171 219 2236; x_wconf 71' lang='lat' dir='ltr'>detur?</span> <span class='ocrx_word' id='word_1_160' title='bbox 255 2171 319 2236; x_wconf 89' lang='lat' dir='ltr'>Hie</span> <span class='ocrx_word' id='word_1_161' title='bbox 336 2170 388 2235; x_wconf 91' lang='lat' dir='ltr'>illi</span> <span class='ocrx_word' id='word_1_162' title='bbox 405 2131 520 2234; x_wconf 83' lang='lat' dir='ltr'>dentes</span> <span class='ocrx_word' id='word_1_163' title='bbox 539 2191 657 2254; x_wconf 88' lang='lat' dir='ltr'>rogare</span> <span class='ocrx_word' id='word_1_164' title='bbox 677 2173 773 2252; x_wconf 89' lang='lat' dir='ltr'>atque</span> <span class='ocrx_word' id='word_1_165' title='bbox 797 2189 890 2233; x_wconf 89' lang='lat' dir='ltr'>orare</span> <span class='ocrx_word' id='word_1_166' title='bbox 914 2172 1097 2253; x_wconf 89' lang='lat' dir='ltr'>coeperunt,</span> 
     </span>
     <span class='ocr_line' id='line_1_24' title="bbox 85 2257 1097 2344; baseline -0.004 -20"><span class='ocrx_word' id='word_1_167' title='bbox 85 2264 123 2324; x_wconf 91' lang='lat' dir='ltr'>ut</span> <span class='ocrx_word' id='word_1_168' title='bbox 155 2282 232 2325; x_wconf 89' lang='lat' dir='ltr'>suas</span> <span class='ocrx_word' id='word_1_169' title='bbox 266 2260 328 2324; x_wconf 88' lang='lat' dir='ltr'>sibi</span> <span class='ocrx_word' id='word_1_170' title='bbox 359 2261 487 2344; x_wconf 89' lang='lat' dir='ltr'>segetes</span> <span class='ocrx_word' id='word_1_171' title='bbox 514 2257 703 2340; x_wconf 88' lang='lat' dir='ltr'>fructusque</span> <span class='ocrx_word' id='word_1_172' title='bbox 731 2278 843 2322; x_wconf 91' lang='lat' dir='ltr'>omnes</span> <span class='ocrx_word' id='word_1_173' title='bbox 871 2257 1097 2340; x_wconf 89' lang='lat' dir='ltr'>arationesque</span> 
     </span>
     <span class='ocr_line' id='line_1_25' title="bbox 86 2344 1099 2433; baseline -0.003 -21"><span class='ocrx_word' id='word_1_174' title='bbox 86 2369 207 2414; x_wconf 88' lang='lat' dir='ltr'>vacuas</span> <span class='ocrx_word' id='word_1_175' title='bbox 221 2347 368 2433; x_wconf 83' lang='lat' dir='ltr'>Apronio</span> <span class='ocrx_word' id='word_1_176' title='bbox 387 2347 516 2411; x_wconf 89' lang='lat' dir='ltr'>tradere</span> <span class='ocrx_word' id='word_1_177' title='bbox 535 2346 657 2430; x_wconf 88' lang='lat' dir='ltr'>liceret,</span> <span class='ocrx_word' id='word_1_178' title='bbox 679 2349 717 2410; x_wconf 90' lang='lat' dir='ltr'>ut</span> <span class='ocrx_word' id='word_1_179' title='bbox 739 2345 804 2430; x_wconf 93' lang='lat' dir='ltr'>ipsi</span> <span class='ocrx_word' id='word_1_180' title='bbox 826 2344 895 2410; x_wconf 92' lang='lat' dir='ltr'>sine</span> <span class='ocrx_word' id='word_1_181' title='bbox 918 2345 1099 2430; x_wconf 88' lang='lat' dir='ltr'>ignominia</span> 
     </span>
     <span class='ocr_line' id='line_1_26' title="bbox 50 2435 1268 2520; baseline -0.011 -18"><span class='ocrx_word' id='word_1_182' title='bbox 50 2453 74 2494; x_wconf 75' lang='lat'>2⁵</span> <span class='ocrx_word' id='word_1_183' title='bbox 86 2437 303 2520; x_wconf 87' lang='lat' dir='ltr'>molestiaque</span> <span class='ocrx_word' id='word_1_184' title='bbox 327 2435 534 2499; x_wconf 89' lang='lat' dir='ltr'>discederent.</span> <span class='ocrx_word' id='word_1_185' title='bbox 1267 2483 1268 2488; x_wconf 73' lang='grc'>,</span> 
     </span>
     <span class='ocr_line' id='line_1_27' title="bbox 152 2520 1152 2609; baseline -0.004 -20"><span class='ocrx_word' id='word_1_186' title='bbox 152 2525 225 2590; x_wconf 85' lang='grc' dir='ltr'>Ηιο</span> <span class='ocrx_word' id='word_1_187' title='bbox 243 2525 329 2609; x_wconf 90' lang='lat' dir='ltr'>lege,</span> <span class='ocrx_word' id='word_1_188' title='bbox 351 2522 487 2606; x_wconf 86' lang='lat' dir='ltr'>iudices,</span> <span class='ocrx_word' id='word_1_189' title='bbox 509 2522 660 2587; x_wconf 89' lang='lat' dir='ltr'>decumas</span> <span class='ocrx_word' id='word_1_190' title='bbox 683 2521 828 2586; x_wconf 78' lang='lat' dir='ltr'>vendidit</span> <span class='ocrx_word' id='word_1_191' title='bbox 842 2520 970 2588; x_wconf 89' lang='lat' dir='ltr'>Verres.</span> <span class='ocrx_word' id='word_1_192' title='bbox 1006 2520 1098 2586; x_wconf 85' lang='lat' dir='ltr'>Licet</span> <span class='ocrx_word' id='word_1_193' title='bbox 1117 2535 1152 2585; x_wconf 74' lang='grc' dir='ltr'>ιο</span> 
     </span>
     <span class='ocr_line' id='line_1_28' title="bbox 87 2610 1268 2696; baseline -0.002 -20"><span class='ocrx_word' id='word_1_194' title='bbox 87 2613 174 2678; x_wconf 89' lang='lat' dir='ltr'>dicat</span> <span class='ocrx_word' id='word_1_195' title='bbox 203 2611 413 2694; x_wconf 89' lang='lat' dir='ltr'>Hortensius,</span> <span class='ocrx_word' id='word_1_196' title='bbox 445 2611 474 2676; x_wconf 90' lang='lat' dir='ltr'>si</span> <span class='ocrx_word' id='word_1_197' title='bbox 504 2611 607 2693; x_wconf 88' lang='lat' dir='ltr'>volet,</span> <span class='ocrx_word' id='word_1_198' title='bbox 639 2631 759 2696; x_wconf 89' lang='lat' dir='ltr'>magno</span> <span class='ocrx_word' id='word_1_199' title='bbox 783 2610 919 2676; x_wconf 89' lang='lat' dir='ltr'>Verrem</span> <span class='ocrx_word' id='word_1_200' title='bbox 947 2610 1098 2675; x_wconf 89' lang='lat' dir='ltr'>decumas</span> <span class='ocrx_word' id='word_1_201' title='bbox 1267 2615 1268 2690; x_wconf 55' lang='grc' dir='ltr'>ι</span> 
     </span>
     <span class='ocr_line' id='line_1_29' title="bbox 86 2698 1268 2800; baseline 0.001 -34"><span class='ocrx_word' id='word_1_202' title='bbox 86 2701 279 2766; x_wconf 83' lang='lat' dir='ltr'>vendidisse.</span> <span class='ocrx_word' id='word_1_203' title='bbox 336 2699 426 2764; x_wconf 90' lang='lat' dir='ltr'>Haec</span> <span class='ocrx_word' id='word_1_204' title='bbox 462 2698 606 2764; x_wconf 92' lang='lat' dir='ltr'>condicio</span> <span class='ocrx_word' id='word_1_205' title='bbox 642 2698 706 2762; x_wconf 82' lang='lat' dir='ltr'>fuit</span> <span class='ocrx_word' id='word_1_206' title='bbox 741 2699 806 2764; x_wconf 92' lang='lat' dir='ltr'>isto</span> <span class='ocrx_word' id='word_1_207' title='bbox 843 2702 993 2782; x_wconf 88' lang='lat' dir='ltr'>praetore</span> <span class='ocrx_word' id='word_1_208' title='bbox 1030 2719 1098 2762; x_wconf 91' lang='lat' dir='ltr'>ara-</span> <span class='ocrx_word' id='word_1_209' title='bbox 1109 2704 1151 2768; x_wconf 83' lang='lat'>29</span> <span class='ocrx_word' id='word_1_210' title='bbox 1267 2709 1268 2800; x_wconf 60' lang='lat' dir='ltr'>l</span> 
     </span>
     <span class='ocr_line' id='line_1_30' title="bbox 87 2787 1268 2874; baseline -0.005 -21"><span class='ocrx_word' id='word_1_211' title='bbox 87 2794 206 2874; x_wconf 86' lang='lat' dir='ltr'>torum,</span> <span class='ocrx_word' id='word_1_212' title='bbox 224 2792 262 2853; x_wconf 87' lang='lat' dir='ltr'>ut</span> <span class='ocrx_word' id='word_1_213' title='bbox 281 2810 389 2854; x_wconf 89' lang='lat' dir='ltr'>secum</span> <span class='ocrx_word' id='word_1_214' title='bbox 407 2788 574 2873; x_wconf 89' lang='lat' dir='ltr'>praeclare</span> <span class='ocrx_word' id='word_1_215' title='bbox 593 2787 648 2872; x_wconf 90' lang='lat' dir='ltr'>agi</span> <span class='ocrx_word' id='word_1_216' title='bbox 667 2787 753 2851; x_wconf 91' lang='lat' dir='ltr'>arbit</span> <span class='ocrx_word' id='word_1_217' title='bbox 739 2789 912 2869; x_wconf 89' lang='lat' dir='ltr'>trarentur,</span> <span class='ocrx_word' id='word_1_218' title='bbox 933 2787 962 2848; x_wconf 92' lang='lat' dir='ltr'>si</span> <span class='ocrx_word' id='word_1_219' title='bbox 980 2807 1098 2850; x_wconf 89' lang='lat' dir='ltr'>vacuos</span> <span class='ocrx_word' id='word_1_220' title='bbox 1267 2801 1268 2866; x_wconf 62' lang='lat' dir='ltr'>l</span> 
     </span>
     <span class='ocr_line' id='line_1_31' title="bbox 50 2874 1098 2964; baseline -0.008 -21"><span class='ocrx_word' id='word_1_221' title='bbox 50 2893 74 2934; x_wconf 79' lang='lat'>³⁰</span> <span class='ocrx_word' id='word_1_222' title='bbox 87 2899 267 2964; x_wconf 86' lang='lat' dir='ltr'>agrosp</span> <span class='ocrx_word' id='word_1_223' title='bbox 214 2877 360 2961; x_wconf 92' lang='lat' dir='ltr'>Apronio</span> <span class='ocrx_word' id='word_1_224' title='bbox 397 2876 525 2940; x_wconf 88' lang='lat' dir='ltr'>tradere</span> <span class='ocrx_word' id='word_1_225' title='bbox 557 2875 682 2958; x_wconf 81' lang='lat' dir='ltr'>licerct3</span> <span class='ocrx_word' id='word_1_226' title='bbox 719 2876 803 2939; x_wconf 89' lang='lat' dir='ltr'>mult</span> <span class='ocrx_word' id='word_1_227' title='bbox 789 2879 840 2939; x_wconf 88' lang='lat' dir='ltr'>tas</span> <span class='ocrx_word' id='word_1_228' title='bbox 873 2874 958 2937; x_wconf 87' lang='lat' dir='ltr'>eninr</span> <span class='ocrx_word' id='word_1_229' title='bbox 990 2894 1098 2937; x_wconf 89' lang='lat' dir='ltr'>cruces</span> 
     </span>
     <span class='ocr_line' id='line_1_32' title="bbox 86 2960 1098 3052; baseline -0.009 -21"><span class='ocrx_word' id='word_1_230' title='bbox 86 2965 274 3052; x_wconf 90' lang='lat' dir='ltr'>propositas</span> <span class='ocrx_word' id='word_1_231' title='bbox 315 2965 456 3050; x_wconf 86' lang='lat' dir='ltr'>effugere</span> <span class='ocrx_word' id='word_1_232' title='bbox 497 2963 680 3047; x_wconf 89' lang='lat' dir='ltr'>cupiebant</span> <span class='ocrx_word' id='word_1_233' title='bbox 734 2961 897 3038; x_wconf 88' lang='lat' dir='ltr'>Quantum</span> <span class='ocrx_word' id='word_1_234' title='bbox 934 2960 1098 3045; x_wconf 89' lang='lat' dir='ltr'>Apronius</span> 
     </span>
     <span class='ocr_line' id='line_1_33' title="bbox 87 3048 1099 3154; baseline -0.008 -36"><span class='ocrx_word' id='word_1_235' title='bbox 87 3055 242 3118; x_wconf 86' lang='lat' dir='ltr'>edidisset</span> <span class='ocrx_word' id='word_1_236' title='bbox 282 3053 405 3154; x_wconf 81' lang='lat' dir='ltr'>deberi,</span> <span class='ocrx_word' id='word_1_237' title='bbox 446 3055 576 3116; x_wconf 90' lang='lat' dir='ltr'>tantum</span> <span class='ocrx_word' id='word_1_238' title='bbox 616 3073 655 3116; x_wconf 88' lang='lat' dir='ltr'>ex</span> <span class='ocrx_word' id='word_1_239' title='bbox 696 3051 800 3115; x_wconf 92' lang='lat' dir='ltr'>edicto</span> <span class='ocrx_word' id='word_1_240' title='bbox 842 3048 983 3113; x_wconf 88' lang='lat' dir='ltr'>dandum</span> <span class='ocrx_word' id='word_1_241' title='bbox 1020 3049 1099 3111; x_wconf 91' lang='lat' dir='ltr'>erat.</span> 
     </span>
     <span class='ocr_line' id='line_1_34' title="bbox 86 3139 1099 3287; baseline -0.008 -81"><span class='ocrx_word' id='word_1_242' title='bbox 86 3142 255 3224; x_wconf 81' lang='lat' dir='ltr'>Etiamne,</span> <span class='ocrx_word' id='word_1_243' title='bbox 291 3141 320 3205; x_wconf 93' lang='lat' dir='ltr'>si</span> <span class='ocrx_word' id='word_1_244' title='bbox 355 3141 430 3225; x_wconf 92' lang='lat' dir='ltr'>plus</span> <span class='ocrx_word' id='word_1_245' title='bbox 462 3140 629 3221; x_wconf 87' lang='lat' dir='ltr'>edidisset,</span> <span class='ocrx_word' id='word_1_246' title='bbox 665 3161 763 3222; x_wconf 88' lang='lat' dir='ltr'>quam</span> <span class='ocrx_word' id='word_1_247' title='bbox 796 3139 953 3287; x_wconf 82' lang='lat' dir='ltr'>quantum</span> <span class='ocrx_word' id='word_1_248' title='bbox 984 3139 1099 3200; x_wconf 88' lang='lat' dir='ltr'>natum</span> 
     </span>
     <span class='ocr_line' id='line_1_35' title="bbox 89 3223 1100 3312; baseline -0.009 -17"><span class='ocrx_word' id='word_1_249' title='bbox 89 3231 196 3296; x_wconf 75' lang='lat' dir='ltr'>esset?</span> <span class='ocrx_word' id='word_1_250' title='bbox 218 3229 340 3294; x_wconf 84' lang='lat' dir='ltr'>Etiam.</span> <span class='ocrx_word' id='word_1_251' title='bbox 367 3227 438 3304; x_wconf 91' lang='lat' dir='ltr'>Quo</span> <span class='ocrx_word' id='word_1_252' title='bbox 457 3228 576 3292; x_wconf 83' lang='lat' dir='ltr'>modo?</span> <span class='ocrx_word' id='word_1_253' title='bbox 599 3227 815 3312; x_wconf 89' lang='lat' dir='ltr'>Magistratus</span> <span class='ocrx_word' id='word_1_254' title='bbox 830 3247 868 3288; x_wconf 87' lang='lat' dir='ltr'>ex</span> <span class='ocrx_word' id='word_1_255' title='bbox 882 3224 977 3288; x_wconf 90' lang='lat' dir='ltr'>istius</span> <span class='ocrx_word' id='word_1_256' title='bbox 995 3223 1100 3287; x_wconf 88' lang='lat' dir='ltr'>edicto</span> 
     </span>
     <span class='ocr_line' id='line_1_36' title="bbox 50 3310 1100 3404; baseline -0.009 -21"><span class='ocrx_word' id='word_1_257' title='bbox 50 3335 74 3376; x_wconf 69' lang='grc' dir='ltr'>ιι</span> <span class='ocrx_word' id='word_1_258' title='bbox 89 3319 217 3404; x_wconf 80' lang='lat' dir='ltr'>exigere</span> <span class='ocrx_word' id='word_1_259' title='bbox 237 3317 408 3382; x_wconf 90' lang='lat' dir='ltr'>debebant.</span> <span class='ocrx_word' id='word_1_260' title='bbox 444 3315 491 3380; x_wconf 89' lang='lat' dir='ltr'>At</span> <span class='ocrx_word' id='word_1_261' title='bbox 477 3319 621 3380; x_wconf 89' lang='lat' dir='ltr'>tarator</span> <span class='ocrx_word' id='word_1_262' title='bbox 639 3318 785 3398; x_wconf 88' lang='lat' dir='ltr'>repetere</span> <span class='ocrx_word' id='word_1_263' title='bbox 803 3334 846 3398; x_wconf 93' lang='lat' dir='ltr'>po</span> <span class='ocrx_word' id='word_1_264' title='bbox 848 3315 943 3376; x_wconf 86' lang='lat' dir='ltr'>t.erat</span> <span class='ocrx_word' id='word_1_265' title='bbox 977 3310 1100 3375; x_wconf 88' lang='lat' dir='ltr'>Verum</span> 
     </span>
     <span class='ocr_line' id='line_1_37' title="bbox 89 3399 1100 3489; baseline -0.009 -17"><span class='ocrx_word' id='word_1_266' title='bbox 89 3406 296 3472; x_wconf 87' lang='lat' dir='ltr'>Artemidoro</span> <span class='ocrx_word' id='word_1_267' title='bbox 336 3409 571 3489; x_wconf 89' lang='lat' dir='ltr'>recuperatore.</span> <span class='ocrx_word' id='word_1_268' title='bbox 626 3400 722 3484; x_wconf 89' lang='lat' dir='ltr'>Quid,</span> <span class='ocrx_word' id='word_1_269' title='bbox 759 3401 787 3466; x_wconf 92' lang='lat' dir='ltr'>si</span> <span class='ocrx_word' id='word_1_270' title='bbox 819 3400 925 3465; x_wconf 92' lang='lat' dir='ltr'>minus</span> <span class='ocrx_word' id='word_1_271' title='bbox 958 3399 1100 3464; x_wconf 87' lang='lat' dir='ltr'>dedisset</span> 
     </span>
     <span class='ocr_line' id='line_1_38' title="bbox 89 3488 1100 3579; baseline -0.007 -19"><span class='ocrx_word' id='word_1_272' title='bbox 89 3499 208 3579; x_wconf 86' lang='lat' dir='ltr'>arator,</span> <span class='ocrx_word' id='word_1_273' title='bbox 233 3516 330 3578; x_wconf 88' lang='lat' dir='ltr'>quam</span> <span class='ocrx_word' id='word_1_274' title='bbox 349 3493 552 3578; x_wconf 89' lang='lat' dir='ltr'>poposcisset</span> <span class='ocrx_word' id='word_1_275' title='bbox 566 3489 754 3574; x_wconf 79' lang='lat' dir='ltr'>Apronius?</span> <span class='ocrx_word' id='word_1_276' title='bbox 795 3488 982 3555; x_wconf 89' lang='lat' dir='ltr'>Iudicium</span> <span class='ocrx_word' id='word_1_277' title='bbox 973 3511 1008 3552; x_wconf 90' lang='grc' dir='ltr'>ιιι</span> <span class='ocrx_word' id='word_1_278' title='bbox 1030 3510 1100 3553; x_wconf 90' lang='lat' dir='ltr'>ara·</span> 
     </span>
    </p>
   </div>
   <div class='ocr_carea' id='block_1_3' title="bbox 0 0 1296 3884">
    <p class='ocr_par' dir='ltr' id='par_1_3' title="bbox 0 0 1296 3884">
     <span class='ocr_line' id='line_1_39' title="bbox 0 0 1296 3884; baseline 0 0"><span class='ocrx_word' id='word_1_279' title='bbox 0 0 1296 3884; x_wconf 95' lang='lat' dir='ltr'> </span> 
     </span>
    </p>
   </div>
  </div>
 </body>
</html>
