2558 3884
160 158 225 223 298
398 115 404 128 ⁴
455 155 495 210 ιιι
514 155 543 211 o.
562 153 716 210 vaaaan
734 152 816 208 xer.
833 153 867 208 rr.

158 304 264 368 torem
281 301 315 365 in
334 300 559 385 quadruplum.
599 298 736 383 Exque
760 298 901 364 iudicum
924 297 1086 363 numero?
1123 295 1179 362 Ex

159 389 293 455 cohorte
306 389 472 474 praetoria
485 389 654 474 praeclara
667 386 835 453 hominum
853 386 1177 452 honestissimorum.

160 477 244 554 Quid
280 477 442 561 amplius?
492 477 599 541 Minus
634 479 667 539 te
701 476 850 562 iugerum
881 475 1069 560 professum
1093 495 1176 540 esse

160 565 244 648 dico;
271 569 514 651 recuperatores
542 565 638 648 reice,
667 564 754 648 quod
781 564 935 628 adversus
962 563 1106 628 edictum
1128 562 1176 627 fe·

158 654 250 720 ceris.
293 652 345 718 Ex
377 676 441 738 quo
472 653 630 718 numero?
674 651 726 716 Ex
757 653 870 717 eadem
898 651 1042 718 cohorte.
1087 649 1203 726 Quide

159 742 222 806 erit
249 742 452 806 extremum?
498 740 533 806 si
560 741 732 806 damnatus
760 741 837 824 eris,
865 744 965 824 atque
993 739 1073 805 adeo
1098 761 1175 804 cum

159 830 332 896 damnatus
358 831 422 895 eris
445 827 536 916 (nam
561 829 721 894 dubitatio
746 828 965 894 damnationis
988 828 1057 892 illis
1080 849 1175 892 recu·

158 919 364 1004 peratoribns
393 939 474 1002 quae
502 921 634 1002 poterat
661 915 778 1002 esset),
806 916 907 1003 virgis
935 920 969 980 te
996 916 1037 980 ad
1059 937 1175 984 necem

159 1008 250 1072 caedi
267 1029 397 1072 necesse
417 1007 488 1071 erit.
527 1005 589 1070 His
607 1006 744 1092 legibus,
767 1005 820 1070 his
843 1004 1085 1070 condicionibus
1110 1005 1176 1068 erit

160 1096 332 1180 quisquam
350 1099 469 1160 tamst
455 1095 520 1159 ttul
506 1098 559 1158 tus
583 1093 639 1178 qui
661 1094 812 1158 decumas
835 1093 962 1158 venisse
985 1092 1176 1176 arbitretur,
1191 1110 1217 1150 1⁰

160 1184 216 1267 qui
247 1183 370 1249 aratori
400 1204 517 1248 novem
551 1186 662 1267 partes
693 1182 836 1266 reliquas
868 1182 974 1247 factas
1005 1202 1076 1246 esse
1110 1179 1176 1244 exi-

159 1272 284 1355 stimet,
316 1271 372 1354 qui
398 1292 465 1335 non
491 1271 663 1356 intellegat
687 1269 788 1334 istum
817 1269 880 1336 sibi
908 1269 1059 1353 quaestui
1081 1290 1175 1353 prae-

159 1321 284 1443 deeque
308 1358 462 1424 habuisse
488 1359 589 1441 bona,
615 1358 837 1443 possessiones
862 1357 932 1422 fort
918 1361 1078 1440 tunasque
1102 1379 1176 1422 ara·

158 1447 289 1512 torum?
321 1445 500 1532 Virgarum
517 1450 607 1512 metu
621 1446 851 1532 Agyrinenses,
870 1445 957 1530 quod
974 1445 1175 1528 imperatum

106 1592 149 1657 30
106 1535 497 1718 esseAoefppltqropuqq,
507 1535 813 1707 edbiddliiribbidrrt
840 1625 874 1686 et
897 1621 1116 1704 dissimulate,
1146 1622 1175 1686 si
1190 1551 1216 1592 η

106 1670 311 1798 Προιθιιὶι,
342 1733 401 1776 vos
432 1711 665 1796 intellegere
655 1732 764 1795 ipsum
795 1712 991 1794 praetorem,
1022 1709 1057 1773 id
1085 1710 1175 1792 qnod

158 1805 209 1866 tot
210 1823 230 1865 a
195 1799 361 1866 tSicilia
384 1799 557 1884 perspexit,
579 1799 818 1882 redemptorem
842 1799 1049 1862 decumarum
1073 1800 1174 1882 atque

160 1889 239 1954 adeo
272 1892 439 1954 aratorum
469 1849 636 1952 dominum
664 1909 701 1952 ac
728 1907 839 1972 regem
865 1885 975 1951 fuisse
1025 1884 1175 1970 Imperat

159 1976 429 2063 Agyrinensibus,
446 1979 484 2040 ut
497 1975 671 2040 decumas
662 1996 726 2059 rpsr
718 1974 868 2059 publice
883 1973 1052 2058 accipiant,
1068 1972 1175 2058 Apro
1189 1991 1216 2032 ao

158 2065 214 2130 nio
244 2067 370 2130 luorum
393 2065 479 2129 dent.
524 2061 559 2128 si
582 2083 701 2148 magno
726 2066 862 2146 emerat,
890 2062 1044 2146 quoniam
1067 2065 1107 2126 tu
1131 2085 1175 2146 es,

161 2154 217 2236 qui
234 2153 341 2237 pretia
360 2151 608 2238 diligentissime
627 2151 807 2234 exquisisti,
826 2150 935 2234 qui,u
913 2149 1028 2232 uteie,
1050 2172 1175 2236 magno

160 2240 332 2305 vendidist
308 2245 348 2323 ιι,
377 2262 475 2323 quare
503 2240 643 2324 putabas
667 2239 807 2323 emptori
828 2240 955 2304 lucrum
978 2200 1054 2302 addi
1078 2260 1176 2323 opor-

159 2329 251 2392 tere?
296 2327 392 2411 Esto,
424 2328 578 2410 putabas,
610 2348 707 2411 quam
740 2327 782 2392 ob
810 2349 879 2391 rem
907 2326 1110 2411 imperabas,
1137 2331 1175 2392 ut

160 2415 337 2481 adderent?
370 2415 447 2500 quid
474 2420 525 2482 est
552 2415 641 2480 aliud
668 2436 782 2499 capere
810 2415 982 2480 conciliare
1008 2415 1214 2499 pecuniosis

160 2503 196 2568 in
214 2525 277 2588 quo
296 2508 330 2569 te
353 2504 407 2568 lex
428 2508 527 2588 tenet,
551 2503 580 2568 si
601 2503 663 2568 hoc
685 2525 753 2567 non
775 2508 834 2587 est,
856 2503 889 2567 vi
913 2508 1011 2586 atque
1034 2503 1175 2588 imperio

161 2613 277 2678 cogere
303 2592 425 2657 invitos
452 2593 577 2657 lucrum
605 2592 681 2656 dare
709 2591 818 2674 alteri,
844 2590 907 2656 hoc
930 2596 981 2655 est
1002 2592 1176 2692 pecuniam

109 2689 142 2740 ιι
161 2680 259 2746 dare?
243 2680 385 2757 iouia
407 2681 500 2745 tum?
541 2679 697 2764 Apronio,
721 2679 844 2745 deliciis
867 2679 1039 2764 praetoris,
1062 2681 1176 2745 lucelli

149 2769 321 2854 ediquid
311 2769 392 2834 russi
419 2772 495 2832 sunt
521 2768 606 2832 dare.
650 2767 751 2832 Putat
736 2770 805 2834 tote
823 2767 970 2852 Apronio
994 2730 1124 2852 datum,
1147 2768 1177 2832 si

162 2857 387 2942 Apronianum
414 2857 568 2921 lucellum
596 2877 634 2921 ac
659 2878 726 2921 non
747 2856 918 2956 praetoria·
934 2856 1056 2939 praeda
1080 2856 1176 2922 vobis
1190 2874 1216 2914 ³⁰

161 2947 332 3012 videbitur.
377 2945 536 3029 Imperas,
567 2948 605 3009 ut
637 2944 787 3009 decumas
819 2944 993 3029 accipiant,
1024 2943 1176 3028 Apronio

162 3034 239 3099 dent
266 3034 349 3099 lucri
375 3033 477 3099 tritici
504 3032 703 3098 medimnum
729 3036 854 3096 Μ
901 3030 984 3107 Quid
1011 3032 1076 3098 hoc
1103 3034 1177 3098 est?

161 3144 227 3186 una
251 3122 365 3187 civitas
389 3143 428 3186 ex
451 3143 515 3187 uno
539 3141 619 3206 agro
642 3120 748 3205 plebis
770 3118 938 3184 Romanae
960 3141 1064 3204 prope
1088 3144 1178 3186 men-

162 3213 254 3274 strua
268 3209 390 3275 cibaria
403 3208 564 3293 praetoris
578 3208 715 3293 imperio
730 3208 850 3272 donam
861 3207 1007 3293 Apronio
1023 3209 1177 3294 cogitur?

162 3295 212 3360 Tu
230 3318 350 3380 magno
370 3297 520 3362 decumas
539 3295 722 3380 vendidisti,
739 3317 814 3360 cunr
832 3300 963 3361 tantum
981 3297 1066 3361 lucri
1085 3297 1178 3362 decu·
1191 3314 1216 3356 as

161 3403 258 3446 mano
274 3384 317 3447 sit
336 3383 470 3447 datum?
501 3382 662 3466 Profecto,
682 3383 710 3447 si
727 3383 870 3467 pretium
889 3383 1086 3468 exquisisses
1107 3385 1179 3450 dili-

162 3471 285 3549 genter,
308 3473 387 3553 tum,
411 3491 484 3534 cum
501 3469 674 3556 vendebas,
695 3474 723 3534 ‘x
741 3471 940 3536 medimnum
957 3472 1069 3558 potius
1089 3473 1179 3538 addi-
