2604 3880
394 162 462 222 ala.
480 163 494 218 1
526 163 602 221 OAP.
622 170 760 232 11-100
780 171 892 222 10-01.
1091 167 1154 234 163

139 305 252 393 Ecquo
262 307 297 372 in
312 309 431 394 oppido
445 309 561 395 pedem
574 309 694 395 posuit,
707 310 764 375 uhi
776 331 843 376 non
856 311 952 396 plura
966 316 1154 398 stuprorum

140 397 404 484 flagitiorumque
437 419 570 463 suorum
603 421 701 483 quam
734 400 891 465 adventus
927 402 977 466 sui
1013 402 1154 488 vestigia
1279 429 1282 435 ·

140 485 332 570 reliquerit?
387 483 449 552 Sed
483 508 544 574 ego
577 487 699 573 omnia,
732 511 814 572 quac
845 489 960 575 negari
990 494 1154 578 poterunt,

139 574 416 660 praetermittam
448 575 547 641 etiam
573 575 667 660 haec,
699 598 782 660 quae
804 577 988 644 certissima
1015 583 1091 644 sunt
1120 585 1155 647 et

113 663 331 746 bolarissima,
354 665 551 749 relinquam3
573 687 674 729 unum
693 665 825 749 aliquod
844 666 883 730 de
901 667 1034 732 nefariis
1057 669 1153 735 istius

139 751 237 818 factis
252 753 382 838 eligam,
397 775 460 838 quo
473 752 602 818 facilius
618 753 659 818 ad
673 750 817 819 Siciliam
830 754 955 840 possim
970 757 1154 843 aliquando,

140 862 223 925 quae
250 840 333 906 mihi
354 842 417 906 hoc
440 841 546 906 oneris
570 841 759 927 negotiiquc
781 842 951 929 imposuit,
975 847 1153 929 pervenire.

140 927 303 1014 Oppidum
326 934 377 994 est
404 929 439 994 in
462 928 678 1014 Hellesponto
701 930 931 1017 Lampsacum,
956 932 1091 1018 iudices,
1118 935 1207 1000 11163

139 1017 254 1102 00111110
282 1016 380 1083 Asiae
410 1019 596 1102 provinciae
628 1020 753 1084 clarum
785 1022 819 1085 et
848 1020 973 1105 nobile3
1004 1022 1152 1089 homines

99 1124 127 1164 10
141 1108 250 1170 autem
276 1105 342 1192 ipsi
368 1105 582 1192 Lampsaceni
608 1129 682 1173 cum
709 1129 835 1174 summe
861 1109 896 1174 in
924 1131 1035 1175 omncs
1066 1111 1152 1178 cives

139 1194 305 1259 Romanos
333 1194 484 1280 officiosi,
516 1199 587 1260 tum
613 1201 782 1280 praeterea
810 1198 951 1263 maxime
984 1199 1087 1264 sedati
1120 1205 1153 1265 et

140 1282 257 1366 quieti,
279 1305 380 1368 prope
403 1287 534 1368 praeter
556 1287 680 1350 ceteros
705 1286 746 1350 ad
769 1307 931 1352 summum
955 1285 1153 1355 Graecorum

139 1371 242 1437 otium
257 1370 366 1456 potius
381 1393 479 1456 quam
494 1372 534 1437 ad
553 1373 655 1438 ullam
673 1373 740 1440 vim
760 1378 816 1440 aut
834 1377 1011 1441 tumultum
1031 1399 1153 1444 accom-

139 1459 272 1525 modati.
321 1460 463 1544 Accidit,
490 1483 563 1527 cum
594 1462 658 1526 iste
686 1484 705 1528 a
733 1460 790 1528 (ln.
817 1463 994 1530 Dolabella
1027 1465 1153 1552 efflagi-

99 1563 124 1606 15
139 1552 252 1633 tasset,
275 1551 313 1614 ut
331 1571 366 1614 00
385 1550 425 1614 ad
443 1571 554 1636 regem
573 1551 783 1616 Nicomedem
805 1572 980 1638 regemque
999 1550 1153 1620 Sadalam

139 1637 299 1721 mitteret,
331 1658 467 1722 cumque
493 1638 557 1703 iter
584 1639 646 1705 hoc
674 1639 738 1704 sibi
768 1640 875 1726 magis
908 1641 949 1706 ad
981 1647 1152 1726 quaestum

139 1747 234 1791 suum
262 1747 360 1810 quam
388 1727 429 1790 ad
456 1727 504 1792 rei
529 1727 680 1812 publicae
712 1731 841 1812 tempus
874 1731 1152 1796 accommodatum

139 1814 389 1899 depoposcisset,
411 1815 530 1881 utillo
552 1816 668 1880 itinere
692 1815 817 1880 veniret
838 1815 1054 1902 Lampsacum
1077 1842 1151 1885 cum

139 1924 260 1988 magna
287 1903 474 1968 calamitate
505 1906 538 1968 et
560 1926 662 1989 propa
685 1905 826 1989 pernicie
849 1905 1000 1970 civitatis.
1045 1907 1152 1974 Dedu-

98 2006 125 2047 20
138 1991 223 2057 citur
240 1991 303 2056 iste
322 1992 363 2057 ad
381 1989 558 2057 Ianitorem
577 1993 738 2076 quendam
755 1993 928 2078 hospitem,
952 1994 1150 2080 comitesque

138 2079 207 2144 eius
230 2079 310 2145 item
334 2080 420 2164 apud
443 2084 566 2146 ceteros
589 2081 735 2166 hospites
759 2083 968 2148 collocantur.
1009 2081 1057 2148 Ut
1079 2105 1150 2150 11100

138 2171 210 2233 erat
235 2167 345 2252 istius,
378 2171 476 2252 atque
503 2172 540 2233 ut
570 2191 643 2236 eum
675 2192 752 2235 suae
784 2169 934 2236 libidines
966 2171 1150 2258 flagitiosae

136 2255 244 2322 facere
258 2257 444 2340 monebant,
458 2257 572 2322 statim
589 2258 759 2344 negotium
778 2259 835 2323 dat
851 2259 920 2325 illis
939 2259 1006 2324 suis
1025 2262 1150 2326 comiti·

137 2344 208 2429 bus,
231 2344 438 2429 nequissimis
456 2345 718 2430 turpissimisque
735 2346 931 2432 hominibus,
951 2349 1001 2413 uti
1019 2349 1151 2416 videant

97 2449 123 2492 re
137 2437 171 2498 et
188 2432 398 2519 investigent,
417 2455 519 2518 ecqua
535 2434 628 2520 virgo
648 2435 693 2499 sit
710 2438 768 2500 aut
785 2436 902 2500 mulier
921 2436 1028 2523 digna,
1052 2460 1149 2523 quam
1184 2495 1199 2510 .

136 2523 179 2588 ob
210 2543 280 2587 rem
306 2522 377 2606 ipsc
403 2521 576 2612 Lampsaci
604 2523 725 2595 diutius
753 2530 1017 2590 commoraretur.
1066 2497 1204 2624 Eraclg

1 2643 2 2664 1
137 2631 244 2676 comes
274 2609 343 2675 01110
370 2609 513 2676 Rubrius
540 2610 684 2696 quidam,
715 2612 814 2677 homo
842 2612 949 2679 factus
981 2615 1023 2680 ad
1053 2615 1150 2680 istius
1260 2673 1263 2680 .

136 2699 302 2783 libidines,
326 2698 381 2783 qui
404 2698 486 2764 miro
511 2699 658 2784 artificio,
681 2722 883 2786 quocumque
906 2707 1047 2786 venerat,
1069 2704 1150 2769 haec

135 2787 335 2873 investigare
354 2787 463 2853 omnia
486 2788 621 2853 solebat.
661 2787 695 2852 Ιο
719 2789 760 2854 ad
785 2812 859 2854 eum
878 2812 946 2855 00111
964 2792 1012 2855 ita
1031 2790 1149 2856 defert:

96 2889 123 2929 ³⁰
135 2875 365 2941 Philodamum
397 2897 468 2941 esse
499 2877 673 2961 quendam,
708 2898 838 2963 genere,
870 2879 1006 2962 honore,
1038 2879 1150 2964 copiis,

136 2963 377 3030 existimatione
406 2965 499 3030 facilc
531 2965 710 3050 principem
737 2965 1047 3052 Lampsacenorum,
1080 2967 1149 3032 cius

136 3075 207 3118 esse
229 3052 342 3138 filiam,
366 3074 448 3136 quae
472 3076 544 3119 cum
562 3057 656 3138 patre
674 3054 848 3137 habitaret,
870 3059 1044 3140 propterca
1064 3056 1149 3138 quod

135 3140 242 3208 virum
272 3162 339 3207 11011
370 3142 520 3227 haberet,
552 3143 720 3207 mulierem
751 3143 869 3208 eximia
895 3142 1148 3228 pulchritudine;

136 3231 192 3295 sed
223 3252 295 3295 eam
328 3252 455 3295 summa
485 3230 677 3317 integritate
708 3230 927 3316 pudicitiaque
960 3231 1149 3296 existimari.

95 3331 121 3371 ³⁵
135 3317 258 3403 Homo,
284 3321 323 3383 ut
349 3318 429 3384 haec
458 3318 594 3402 audivit,
623 3320 669 3384 010
693 3319 814 3383 exarsit
837 3319 878 3384 ad
899 3319 946 3403 id,
974 3319 1061 3404 quod
1083 3341 1150 3385 non

134 3407 231 3473 modo
254 3406 326 3491 ipsc
347 3428 526 3491 numquam
549 3407 684 3492 viderat,
707 3407 826 3472 sedne
850 3407 996 3473 audierat
1020 3407 1149 3492 quidem

135 3496 177 3560 ab
205 3517 256 3581 co,
282 3495 338 3580 qui
365 3495 436 3582 ipse
463 3495 613 3580 vidisset,
643 3499 682 3560 ut
711 3495 823 3561 statim
851 3497 892 3561 ad
919 3496 1148 3562 Philodamum

881 3601 935 3654 11*
