2576 3882
335 180 404 238 nm,
421 180 450 235 ΙΙ
482 181 557 238 eAP.
579 188 683 237 ro-ra
701 189 716 250 e
736 188 884 240 1ee-1re.
1055 183 1120 248 263

108 326 291 412 negotium,
319 327 375 410 qui
401 329 472 391 tum
501 326 658 412 magister
685 332 756 392 erat
784 328 852 393 eius
876 328 1057 413 societatis,
1083 333 1122 394 ut

110 415 284 501 diligenter
307 419 435 480 careret
458 419 555 499 atque
578 416 791 500 prospiceret,
812 438 854 481 ne
878 417 955 501 qnid
978 421 1064 482 esset
1086 417 1122 481 in

111 503 230 567 litteris
254 503 424 587 sociorum,
448 503 534 587 quod
557 508 671 569 contra
694 509 791 589 caput
814 526 908 570 snum
932 510 989 571 ant
1012 506 1120 571 existi-

112 591 288 656 mationem
315 591 423 656 valere
450 597 570 676 posset.
615 591 731 677 Itaque
758 593 815 658 ille
838 593 1047 658 multitudine
1070 616 1120 659 so-

83 680 234 744 briorum
253 684 379 745 remota
402 680 596 746 decumanos
620 684 785 764 convocat,
808 703 877 746 rem
900 682 1013 748 defert.
1050 680 1120 747 Sta·

111 771 207 832 tuunt
227 768 279 832 illi
297 771 394 852 atque
414 767 597 852 decernunt,
619 771 657 833 ut
675 790 731 834 eae
754 769 893 852 litterae,
916 770 1033 853 quibus
1057 771 1120 835 exi-

111 856 256 921 stimatio
281 854 316 921 Ο.
333 855 445 922 Verris
469 857 665 941 laederetur,
691 861 934 923 removerentur
957 880 1119 943 operaque

111 944 254 1028 daretur,
280 967 322 1009 ne
349 967 388 1010 ea
415 967 467 1009 res
495 943 530 1011 O.
552 943 649 1010 Verri
674 945 781 1012 fraudi
809 968 879 1011 esse
901 951 1021 1030 posset.
1068 945 1102 1010 Si
1122 957 1173 1008 1⁷4

111 1033 247 1098 ostendo
278 1032 341 1098 hoc
372 1033 551 1099 decrevisse
578 1034 786 1120 decumanos,
818 1035 847 1100 si
873 1036 1008 1119 planum
1034 1034 1120 1100 facio

69 1139 96 1178 ιο
110 1116 174 1186 hoo
192 1121 320 1186 decreto
337 1126 482 1187 remotas
501 1144 571 1188 esse
590 1123 728 1205 litteras,
750 1123 829 1206 quid
851 1123 1029 1208 expectatis
1052 1145 1120 1188 am-

109 1209 218 1294 plius?
245 1231 422 1293 possumne
444 1211 551 1297 magis
573 1233 643 1276 rem
662 1211 838 1277 iudicatam
862 1213 990 1296 afferre,
1013 1211 1120 1298 magis

109 1319 201 1361 reum
216 1297 465 1363 condemnatum
481 1299 517 1364 in
534 1299 687 1365 iudicium
706 1299 884 1366 adducere?
917 1300 964 1364 At
983 1322 1121 1384 quorum

109 1385 227 1451 iudicio
260 1388 523 1452 condemnatum!
572 1386 698 1473 Nempe
728 1410 853 1472 eorum,
886 1410 967 1473 quos
995 1388 1033 1472 ii,
1065 1389 1121 1473 qui

110 1473 274 1539 severiora
300 1474 419 1540 indicia
446 1475 642 1559 desiderant,
670 1476 872 1542 arbitrantur
899 1499 951 1541 res
979 1478 1120 1542 indicare

67 1577 95 1618 1⁵
110 1566 262 1646 oportere
290 1563 550 1648 [publicanorum
578 1564 724 1648 iudici0];
753 1587 833 1649 quos
860 1565 1011 1630 videlicet
1035 1587 1121 1630 nunc

110 1651 251 1736 populns
276 1651 396 1716 iudices
419 1652 538 1736 poscit,
566 1652 745 1736 dequibus
770 1657 820 1733 [nt
844 1675 898 1718 eos
921 1654 1042 1718 iudices
1065 1654 1121 1718 ha-

110 1739 260 1820 beamus]
280 1741 386 1826 legem
406 1742 446 1805 ab
464 1739 596 1805 homine
615 1762 683 1805 non
704 1742 810 1805 nostri
833 1741 971 1826 generis,
992 1763 1060 1806 non
1082 1763 1121 1805 ex

110 1827 255 1910 equestri
281 1829 352 1893 loco
379 1828 541 1912 profecto,
569 1828 625 1893 sed
648 1829 853 1893 nobilissimo
876 1829 1120 1914 promulgatam

110 1915 278 2000 videmus,¹
293 1916 474 2000 decumani,
496 1916 558 1982 hoc
582 1921 632 1981 est
654 1916 815 2001 principes
840 1920 872 1981 et
896 1916 990 2000 quasi
1013 1927 1173 1981 sena-175

68 2021 96 2060 πο
110 2008 200 2069 tores
236 2005 498 2089 publicanorum,
533 2005 744 2070 removendas
780 2006 818 2069 de
853 2004 958 2069 medio
991 2005 1120 2070 litteras

110 2097 314 2157 censuerunt.
358 2093 472 2158 Habeo
492 2116 531 2158 ex
553 2093 603 2176 iis,
627 2093 683 2177 qui
705 2093 875 2176 affuerumt,
899 2115 979 2176 quos
1002 2093 1120 2177 produ-

110 2203 192 2264 cam,
211 2181 327 2265 quibus
340 2182 403 2248 hoc
422 2182 635 2266 committam,
653 2181 801 2246 homines
819 2181 1068 2246 honestissimos
1084 2205 1121 2247 ac

110 2270 395 2354 locupletissimos,
410 2271 518 2352 [istos]
533 2270 623 2355 ipsos
637 2269 798 2355 principes
813 2270 972 2354 equestris
988 2270 1120 2354 ordiniS,

111 2379 249 2442 quorum
273 2358 444 2443 splendore
467 2359 518 2424 rel
541 2358 680 2424 maxime
708 2359 811 2441 illius,
839 2358 895 2443 qui
917 2359 1025 2445 legem
1047 2381 1120 2443 pro-

68 2462 95 2504 25
109 2446 282 2531 mulgavit,
305 2445 410 2511 oratio
430 2451 463 2511 et
481 2468 578 2512 cauea
596 2447 721 2511 nititur.
757 2445 898 2512 Venient
916 2447 951 2510 in
969 2448 1120 2532 medium,

110 2535 227 2618 dicent,
247 2534 323 2619 quid
338 2535 525 2618 statuerint3
545 2534 701 2619 profecto,
720 2534 849 2600 sirecte
868 2535 1016 2600 homines
1034 2537 1121 2620 novi,

109 2643 177 2687 non
208 2623 418 2706 mentientur3
450 2623 578 2687 litteras
612 2623 698 2688 enim
730 2624 910 2688 communis
943 2623 981 2688 de
1013 2624 1120 2688 medio

109 2732 276 2776 removere
297 2715 486 2796 potuerunt,
509 2712 606 2776 fidem
629 2733 722 2776 suam
745 2715 778 2777 et
800 2711 993 2797 religionem
1016 2734 1120 2776 remo-

109 2821 186 2863 vere
207 2821 273 2864 non
296 2803 442 2884 possunt.
487 2799 578 2885 Ergo
603 2801 727 2883 equites
750 2799 903 2883 Romani,
926 2800 1038 2883 quite
1061 2821 1120 2864 sno

68 2901 96 2942 ³⁰
109 2886 228 2952 iudicio
256 2887 524 2972 condemnarunt,
552 2889 669 2952 horum
694 2887 813 2953 iudicio
837 2887 1043 2953 condemnari
1065 2909 1121 2951 no·

109 2976 254 3059 luerunt,
282 2997 340 3040 vos
367 2997 451 3041 nunc
479 2981 589 3040 utrum
614 2976 746 3041 illorum
768 2975 922 3040 iudicium
944 2997 987 3038 an
1009 2975 1121 3040 volun·

109 3067 214 3128 tatem
237 3065 329 3147 sequi
352 3064 489 3148 malitis,
512 3064 722 3129 considerate.
1132 3119 1148 3180 Ἰ

176 3151 224 3215 Ac
241 3152 322 3235 ride,
346 3151 424 3236 quid
442 3156 475 3216 te
497 3153 673 3218 amicorum
696 3156 827 3216 tuorum
850 3150 1002 3234 studium,
1025 3151 1102 3236 qnid
1123 3121 1174 3247 ΗΞ

109 3243 204 3304 tuum
216 3239 396 3323 consilinm,
410 3240 488 3324 quid
501 3240 663 3306 sociorum
676 3241 828 3306 voluntas
843 3239 981 3304 adiuret.
1004 3238 1121 3305 Dicam

67 3342 95 3383 ³⁵
109 3328 210 3413 paulo
228 3328 426 3414 promptius3
448 3351 551 3413 neque
570 3328 656 3393 enim
675 3328 741 3392 iam
759 3349 881 3411 vereor,
903 3350 945 3393 ne
964 3329 1036 3411 quis
1059 3329 1121 3394 hoc

109 3438 163 3481 me
191 3417 297 3503 magis
324 3417 523 3482 accusatorie
547 3439 644 3500 quam
668 3416 770 3480 libere
793 3415 911 3480 dixisse
935 3417 1121 3483 arbitretur.

110 3503 146 3569 si
174 3504 255 3570 istas
284 3505 413 3570 litteras
440 3527 507 3570 non
535 3504 663 3569 decreto
692 3503 941 3570 decumanorum
969 3507 1121 3593 magistri
