2604 3880
187 163 251 228 146
484 159 524 213 111
543 158 572 214 c.
587 157 742 213 vassen
760 157 840 214 111.
859 157 892 212 11

184 306 268 372 nihil
295 307 346 369 est
371 303 450 387 iam,
478 303 564 387 quod
589 302 624 367 in
648 302 710 367 hac
733 323 830 367 causa
851 323 985 385 peccare
1008 301 1192 387 quisquam,

184 393 315 477 iudices,
336 391 400 458 nisi
416 395 525 456 vestro
543 391 685 475 periculo
702 390 816 474 possit.
856 389 930 454 Mea
952 389 1081 475 quidem
1104 391 1191 456 ratio

185 503 258 548 cum
280 481 316 544 in
336 479 521 563 praeteritis
544 479 640 544 rebus
664 482 715 542 111
737 477 882 564 cognita,
905 482 976 543 tum
998 478 1033 542 in
1055 479 1190 563 reliquis

185 570 355 654 explorata
381 570 479 651 atque
506 567 637 653 provisa
664 569 723 630 est.
762 565 836 652 Ego
858 588 967 632 meum
990 566 1133 632 studium
1155 567 1191 632 in

185 679 256 721 rem
281 656 445 740 publicam
471 655 539 721 iam
564 655 623 719 illo
650 658 796 738 tempore
823 654 963 732 ostendi,
990 676 1062 720 cum
1089 655 1190 740 longo
1216 673 1230 717 1

185 745 359 810 1111111111
394 747 536 809 veterem
568 741 832 807 consuetudinem
862 741 976 806 rettuli
1007 746 1041 806 ct
1071 747 1191 828 rogatu

187 833 348 898 sociorum
379 835 476 915 atque
507 830 684 896 amicorum
714 829 828 914 populi
858 829 1008 913 Romani,
1043 851 1191 895 meorum

186 925 296 986 autem
315 918 583 1001 necessariorum,
605 939 724 983 nomen
745 917 886 982 hominis
910 917 1116 983 audacissimi
1139 919 1191 984 de

186 1009 258 1074 tuli.
298 1007 391 1084 Quod
417 1028 526 1072 meum
552 1005 675 1071 factum
700 1004 870 1071 lectissimi
892 1005 955 1072 viri
977 1009 1075 1090 atque
1098 1027 1191 1071 orna-

186 1095 320 1180 tissimi,
352 1117 416 1180 quo
448 1095 482 1158 in
512 1116 647 1160 numero
674 1115 691 1158 c
717 1093 811 1158 vobis
841 1093 1023 1177 complures
1049 1093 1230 1179 fuerunt,1c

186 1185 235 1249 ita
256 1184 489 1268 probaverunt,
515 1186 553 1246 ut
576 1182 619 1263 ci,
647 1182 703 1265 qui
724 1181 820 1245 istius
843 1185 996 1266 quaestor
1018 1181 1134 1247 fuisset
1157 1186 1191 1247 et

187 1273 229 1338 ab
260 1272 326 1337 isto
353 1271 461 1334 laesus
491 1269 678 1335 inimicitias
704 1269 808 1335 iustas
834 1273 1093 1354 persequeretur,
1124 1292 1193 1336 non

187 1359 283 1424 modo
302 1357 465 1423 deferendi
485 1357 636 1441 nominis,
663 1357 720 1422 sed
740 1377 782 1422 111
805 1356 1028 1423 subscribendi
1051 1357 1192 1443 quidem,

135 1459 259 1512 recum
286 1445 321 1510 id
346 1446 541 1530 postularet,
567 1445 712 1510 facerent
733 1448 940 1530 potestatem.
983 1444 1024 1509 ln
1045 1443 1191 1510 Siciliam

187 1556 259 1600 sum
287 1533 470 1618 inquirendi
497 1555 594 1598 causa
619 1532 797 1618 profectus,
830 1554 893 1617 quo
920 1533 956 1597 in
980 1534 1113 1618 negotio
1141 1534 1230 1598 in-1s

187 1621 347 1686 dustriam
364 1642 470 1687 meam
488 1621 636 1686 celeritas
658 1620 836 1704 reditionis,
858 1619 1061 1706 diligentiam
1082 1622 1191 1687 multi-

186 1710 265 1774 tudo
293 1710 349 1774 litt
334 1712 521 1774 teerarum
504 1708 698 1774 ettestium
720 1708 909 1793 declaravit,
935 1709 1091 1793 pudorem
1113 1732 1190 1775 vero

186 1820 225 1862 ac
243 1797 446 1884 religionem,
469 1797 573 1898 quod,
589 1818 663 1862 cum
685 1797 844 1862 venissem
867 1799 960 1861 111111
961 1817 998 1860 or
945 1797 1062 1861 tad
1085 1797 1191 1863 socios

186 1885 301 1970 populi
318 1884 466 1968 Romani,
489 1885 545 1968 qui
564 1885 599 1949 in
621 1905 659 1948 ea
681 1884 848 1968 provincia
871 1887 985 1969 quaest
986 1906 1024 1949 or
1044 1884 1190 1970 fuissem,

187 1973 229 2039 ad
246 1973 392 2057 hospites
411 1993 499 2036 meos
518 1994 556 2038 ac
577 1973 776 2038 necessarios
798 1993 913 2038 causae
935 1974 1114 2037 communis
1138 1973 1190 2038 de·
1203 1993 1230 2034 ao

185 2061 297 2126 fensor
315 2060 435 2125 devort
411 2064 438 2125 tr
455 2063 512 2142 pol
513 2060 563 2124 ius
582 2081 680 2144 quam
698 2060 739 2124 ad
757 2081 822 2143 cos,
844 2060 899 2144 qui
918 2082 938 2126 a
957 2082 1011 2124 me
1033 2061 1190 2127 auxilium

185 2147 386 2232 petivissent.
363 2146 450 2211 N
452 2147 550 2211 emini
563 2169 653 2212 meus
672 2148 828 2212 adventus
847 2147 954 2212 labori
971 2151 1028 2212 aut
1045 2149 1191 2233 sumptui

186 2255 290 2318 neque
308 2233 437 2317 publice
454 2255 558 2319 neque
575 2235 683 2318 privat
684 2236 730 2300 im
669 2235 820 2300 tfuit
851 2235 955 2300 Vim
945 2257 981 2299 m
997 2235 1190 2319 inquirendo

186 2325 314 2386 tantam
331 2320 439 2404 habui,
462 2325 618 2422 quantam
636 2323 717 2387 mihi
739 2324 792 2388 lex
815 2322 923 2408 dabat,
899 2326 1011 2388 tnou
1033 2328 1190 2409 quantam

186 2408 306 2474 habere
337 2409 524 2492 poteram
515 2431 661 2492 rpsorum
693 2411 812 2494 studio,
844 2432 925 2495 quos
956 2410 1018 2476 1111
1045 2416 1190 2477 vexarat
1204 2430 1229 2473 as

134 2508 167 2560 1⁷
186 2496 324 2560 Romam
356 2499 395 2560 ut
427 2518 466 2561 ex
497 2494 608 2562 Sicilia
637 2497 731 2581 redii,
765 2520 838 2563 cum
868 2498 932 2563 iste
964 2501 1061 2584 atquc
1092 2499 1190 2564 istius

174 2583 295 2667 amici,
322 2582 469 2649 homines
496 2585 640 2650 lautit
607 2589 640 2650 ct
665 2548 795 2669 urliani,
823 2607 986 2651 sermones
1010 2585 1191 2652 eiusmodi

186 2671 408 2757 dissipassent,
422 2694 485 2756 quo
498 2672 622 2736 animos
633 2672 709 2737 test'
685 2676 768 2737 trum
779 2672 982 2738 retardarent
967 2677 1061 2757 1111,1
1069 2695 1191 2760 magna

186 2759 322 2844 pecunia
353 2782 373 2824 a
401 2781 478 2824 vera
510 2760 713 2825 accusatione
742 2781 812 2825 1111
841 2724 1025 2846 deductuin,
1056 2763 1191 2828 tametsi

185 2846 387 2948 probabatur
408 2846 539 2931 nemini,
562 2849 648 2948 quod
670 2852 703 2913 11
725 2869 765 2912 ex
785 2847 895 2914 Sicilia
916 2853 1017 2914 testes
1041 2850 1231 2936 errantique

187 2935 243 3019 qui
261 2937 466 3018 quaestorem
489 2957 540 2999 me
562 2935 597 3000 in
619 2935 785 3037 provincia
807 2941 1034 3038 cognoverant,
1057 2941 1092 3002 et
1113 2937 1191 3004 hinc

186 3021 334 3086 homines
357 3022 496 3087 maxime
518 3023 676 3107 illustres,
702 3024 769 3108 qui,
792 3023 860 3087 ut
851 3023 915 3108 ipsi
935 3023 1008 3088 noti
1030 3029 1120 3109 sunt,
1143 3026 1191 3092 sic

185 3112 335 3174 nostrum
357 3130 457 3174 unum
480 3132 637 3195 quemque
660 3111 781 3195 optime
802 3115 932 3195 norunt,
954 3115 1065 3177 tamen
1087 3135 1191 3198 usque

187 3217 225 3263 eo
243 3195 347 3280 timui,
369 3197 500 3281 nequis
525 3199 564 3262 de
586 3219 659 3262 mea
680 3199 743 3263 fide
766 3199 894 3283 atque
884 3221 919 3263 rn
919 3161 1074 3286 tegritate
1041 3201 1191 3267 tdubi-

186 3286 286 3366 taret,
310 3283 409 3348 donec
432 3285 477 3349 ad
495 3285 674 3350 reiciundos
696 3285 816 3350 iudices
840 3287 996 3352 venimus
1208 3308 1231 3350 os

147 3375 167 3440 7
254 3367 424 3434 Sciebam
413 3393 449 3436 1n
462 3372 632 3437 reiciundis
646 3372 804 3438 iudicibus
822 3395 888 3439 nou
905 3375 1015 3440 nullos
1033 3378 1193 3442 memoria

186 3459 300 3525 nostra
317 3457 477 3541 pactionis
497 3459 710 3542 suspicionem
727 3482 794 3525 non
813 3461 942 3546 vitasse,
965 3485 1039 3528 cum
1060 3462 1096 3528 in
1118 3465 1193 3550 ipsa
