2576 3882
165 221 231 286 214
466 216 505 271 IN
524 215 553 271 0.
567 213 721 270 VERREM
739 213 819 269 Acu
837 213 873 268 IL

113 367 318 432 lliubentur
335 360 501 448 postridie.
541 359 713 426 Heraclius
736 359 870 443 interea,
893 381 966 424 cum
989 379 1101 424 omnes
1125 358 1175 424 in·

166 454 265 520 sidias
282 451 423 518 fortunis
442 449 509 515 suis
529 452 716 534 apraetore
737 448 809 512 ficri
831 447 966 532 videret,
988 448 1076 532 capit
1098 469 1175 514 con-

45 575 48 580 ·
166 543 275 608 silium
302 540 342 607 do
369 539 547 606 amicorum
574 541 608 602 et
634 536 890 622 propinquorum
917 535 1079 602 sententia
1104 557 1177 602 non

166 632 279 698 adesso
311 629 352 695 ad
381 627 535 693 iudicium
561 626 672 710 itaque
697 625 757 690 illa
783 628 878 690 nocte
906 623 1072 710 Syracusis
1098 646 1176 709 pro-

165 719 262 806 fugit.
297 715 368 800 Istc
381 715 539 802 postridie
557 735 661 799 mane,
681 735 754 780 cum
773 713 876 779 multo
895 713 1054 778 maturius
1073 735 1203 798 quama

166 829 322 893 umquam
349 808 445 870 antea
471 803 675 888 surrexisset,
701 801 822 868 iudices
850 800 945 867 citari
965 801 1065 867 iubet.
1105 800 1177 866 Ubi

167 895 326 982 comperit
351 892 538 959 Heraclium
570 913 637 958 non
668 889 793 975 adesse,
824 911 940 976 cogere
965 890 1080 975 incipit
1107 911 1177 975 eos,

166 989 205 1050 ut
233 985 400 1050 absentem
427 980 616 1046 Heraclium
643 979 864 1045 condemnent.
908 977 964 1043 Illi
992 1000 1065 1043 eum
1087 1000 1176 1044 com·

167 1073 400 1156 monefaoiunt,
422 1073 473 1153 ut,
496 1068 525 1134 si
543 1069 606 1134 sibi
624 1068 786 1153 videatur,
807 1070 920 1133 utatur
937 1067 1089 1133 instituto
1113 1089 1175 1133 suo

167 1181 226 1228 nec
245 1165 343 1247 cogat
361 1161 437 1225 anto
458 1157 575 1223 horam
598 1157 755 1223 decimam
778 1153 817 1221 de
840 1157 974 1222 absente
998 1155 1175 1222 secundum
1190 1178 1218 1220 ιο

114 1275 149 1324 42
168 1252 372 1337 praesentem
394 1245 549 1331 iudicare3
571 1245 757 1330 impetrant.
796 1243 926 1310 Interea
949 1266 1026 1310 saue
1047 1249 1175 1330 pertur-

167 1339 265 1404 batus
285 1340 318 1401 et
335 1337 406 1421 ipse
426 1338 459 1399 et
476 1335 545 1398 eius
564 1333 661 1400 amici
678 1337 712 1400 et
729 1333 908 1400 consiliarii
929 1333 1066 1399 moleste
1086 1333 1176 1398 ferre

168 1427 342 1510 coeperunt
375 1422 563 1488 Heraclium
599 1421 796 1508 profugisse3
831 1422 993 1507 putabant
1028 1421 1175 1488 absentis

168 1511 421 1596 damnationem,
448 1511 641 1597 praesertim
667 1514 779 1576 tantae
805 1510 973 1594 pecuniae,
999 1510 1103 1576 multo
1126 1511 1176 1574 in·

167 1600 375 1668 vidiosiorem
401 1599 485 1686 fore,
517 1621 615 1685 quam
643 1599 672 1663 si
697 1619 852 1685 praesens
880 1599 1051 1664 damnatus
1079 1603 1176 1664 esset.
1192 1619 1219 1660 1s

168 1689 218 1758 Eo
237 1689 431 1772 ,accedebat
458 1689 544 1773 quod
570 1687 691 1752 iudices
718 1709 736 1752 e
762 1687 836 1774 lege
857 1687 989 1773 Rupilia
1016 1687 1082 1752 dati
1106 1708 1177 1752 non

169 1782 276 1863 erant3
294 1779 399 1843 multo
413 1777 513 1842 etiam
527 1797 596 1841 rem
615 1775 794 1861 turpiorem
813 1774 910 1858 [fore]
929 1779 964 1840 et
980 1775 1177 1860 iniquiorem

168 1868 276 1933 visum
305 1866 348 1930 iri
377 1865 622 1951 intellegebant.
673 1863 788 1948 Itaque
817 1863 880 1930 hoo
909 1864 986 1930 dum
1013 1863 1177 1950 corrigere

168 1957 253 2041 volt,
281 1955 425 2039 apertior
451 1954 519 2019 eius
542 1951 703 2038 cupiditas
725 1953 982 2038 improbitasque
1003 1952 1093 2018 facta
1115 1957 1176 2018 est.

168 2043 255 2110 Nam
281 2043 349 2107 illis
377 2042 518 2127 quinque
544 2041 704 2106 iudicibus
732 2042 782 2106 uti
808 2062 843 2107 so
869 2044 982 2128 nagat3
1009 2041 1113 2124 iubet,
1141 2040 1178 2106 id
1192 2061 1218 2101 ao

170 2131 256 2216 quod
278 2130 372 2194 initio
396 2131 467 2218 lege
488 2129 622 2215 Rupilia
643 2129 714 2194 fieri
736 2133 936 2215 oportuerat,
958 2129 1052 2194 citari
1072 2127 1178 2216 Hera·

168 2219 266 2284 olium
286 2222 319 2283 et
337 2238 402 2301 cos,
425 2217 481 2301 qui
504 2218 608 2283 dicam
632 2217 842 2302 scripserant3
865 2218 913 2282 ait
935 2239 969 2282 se
991 2217 1111 2283 iudices
1136 2239 1178 2283 ex

168 2308 241 2392 lege
273 2306 358 2372 velle
389 2305 508 2370 sortiri.
559 2306 652 2383 Quod
668 2308 721 2378 ,ab
749 2327 787 2372 co
812 2304 929 2391 pridie,
961 2327 1034 2372 oum
1061 2305 1176 2371 multis

162 2394 312 2461 lacrimis
341 2415 413 2458 cum
441 2397 550 2458 oraret
578 2398 675 2479 atque
699 2395 896 2479 obsecraret,
922 2393 1093 2460 Heraclius
1116 2395 1178 2459 im-

167 2485 298 2568 petrare
316 2502 382 2545 non
399 2485 561 2567 potuerat,
583 2482 618 2547 id
636 2482 665 2548 ei
683 2483 840 2568 postridie
858 2483 1001 2548 venitin
1023 2487 1176 2568 mentem,
1192 2501 1219 2542 ss

169 2593 208 2636 ex
243 2570 316 2656 lege
348 2568 481 2654 Rupilia
515 2571 626 2636 sortiri
658 2572 744 2638 dicas
778 2574 937 2656 oportere.
958 2617 961 2624 ·
986 2571 1103 2636 Educit
1136 2593 1178 2636 ex

167 2681 249 2724 urna
276 2658 352 2743 tris;
383 2658 449 2744 his,
479 2663 517 2723 ut
544 2660 711 2724 absentem
737 2658 925 2726 Heraclium
952 2658 1177 2745 condemnent,

167 2748 321 2834 imperat,
344 2747 454 2832 itaque
478 2747 702 2814 condemnant.

114 2850 150 2900 43
235 2835 337 2920 Quae,
360 2837 497 2920 malum,
519 2835 585 2900 ista
606 2835 669 2899 fuit
692 2836 848 2902 amentia!
881 2836 1045 2921 ecquando
1068 2838 1102 2900 te
1125 2857 1178 2901 ra-

168 2926 291 2991 tionem
304 2925 467 2990 factorum
480 2927 612 2989 tuorum
625 2923 825 2989 redditurum
839 2924 986 3010 putasti?
1010 2923 1177 3008 ecquando
1194 2944 1221 2984 ao

167 3014 220 3078 his
234 3014 272 3078 de
289 3014 386 3078 rebus
404 3013 488 3077 tales
506 3011 595 3076 viros
613 3011 780 3078 audituros
800 3012 1016 3078 existimasti?
1038 3011 1179 3078 Petatur

167 3101 331 3167 hereditas
356 3102 434 3183 [ea],
458 3120 540 3183 quae
562 3099 655 3164 nulla
678 3099 826 3184 debetur,
849 3103 884 3165 in
905 3101 1059 3187 praedam
1081 3122 1179 3186 prae-

166 3190 272 3255 toris?
303 3189 531 3272 interponatur
561 3209 681 3253 nomen
707 3189 872 3255 civitatis?
903 3191 1092 3276 imponatur
1117 3191 1179 3255 ho·

167 3281 280 3342 nestas
308 3275 434 3341 civitati
461 3275 652 3360 turpissima
676 3299 816 3363 persona
839 3279 1040 3346 calumniae?
1071 3299 1179 3364 neque
1282 3263 1283 3334 l

167 3365 230 3430 boo
249 3364 364 3465 solum,
384 3362 440 3427 sed
458 3363 506 3427 ita
524 3385 576 3465 res
596 3370 722 3453 agatur,
745 3371 841 3433 utne
860 3368 1026 3433 simulatio
1045 3366 1179 3452 quidem
1194 3385 1222 3426 aa

167 3449 1181 3632 statilialltlttdl{altrat-ditatus
