2622 3884
170 190 235 255 332
471 186 511 240 ΙΝ
529 184 558 241 0.
572 185 730 242 VERREM
748 183 827 242 AGT.
846 185 881 240 ΙΙ.

169 335 303 418 maturi,
338 332 491 397 Metellus
529 331 659 416 quidem
695 334 782 396 certe
813 329 880 395 iarn
912 332 974 396 hoc
1004 331 1183 415 iudicabat,

170 445 281 488 eorum
300 443 369 486 rem
388 441 583 504 causamque
608 439 679 484 esse
702 419 917 502 coniunctam,
940 419 996 503 qui
1020 423 1184 485 statueret

169 510 317 596 Apronio
351 509 564 574 condemnato
597 508 636 572 de
667 507 733 573 isto
763 507 996 592 praeiudicium
1023 508 1183 574 futurum.

168 599 214 663 Et
236 598 334 662 simul
357 619 422 662 una
444 617 496 661 res
519 596 649 680 utrique
671 595 719 659 rei
742 599 792 661 est
815 599 1025 682 argumento,
1053 601 1088 661 et
1111 619 1183 662 ara-

168 691 257 752 tores
284 686 319 752 vi
345 689 379 751 et
403 689 493 750 metu
516 689 645 750 coactos
664 683 811 768 Apronio
835 685 940 750 multo
963 685 1052 770 plus,
1081 700 1212 770 quam⁶

170 774 349 857 debuerint,
367 773 501 857 dedisse,
520 775 553 836 et
567 773 749 856 Apronium
768 771 863 837 istius
882 793 950 837 rem
970 795 1029 837 suo
1048 774 1183 838 nomine

170 864 285 950 egisse,
309 884 381 927 enm
399 861 435 926 L.
449 861 601 926 Metellus
621 859 774 924 statuerit
796 882 863 925 non
884 882 982 945 posse
995 861 1183 946 Apronium

170 951 389 1034 condemnari,
422 950 500 1034 quin
532 949 629 1014 simul
657 949 697 1012 de
723 948 819 1013 istius
847 949 967 1014 scelere
995 953 1095 1034 atque
1123 951 1183 1014 im-

170 1039 335 1124 probitate
357 1037 563 1102 iudicaretur.

236 1127 341 1192 Venio
359 1148 444 1191 nunc
463 1126 504 1190 ad
525 1126 699 1210 epistulam
718 1125 925 1210 Timarchidi,
948 1125 1061 1190 liberti
1083 1127 1182 1192 istius
1198 1144 1226 1184 1⁰

170 1219 203 1280 et
235 1214 374 1297 accensi3
407 1215 445 1279 de
478 1236 542 1297 qua
574 1237 647 1278 cnm
679 1213 803 1296 dixero,
834 1217 941 1278 totum
968 1213 1030 1279 hoc
1058 1216 1184 1281 crimen

170 1304 382 1368 decumanum
395 1323 559 1386 peroraro.
591 1301 680 1366 Haec
695 1301 837 1386 epistula
854 1305 915 1385 est,
931 1301 1062 1386 iudices,
1082 1325 1181 1388 quam

169 1413 229 1456 nos
248 1389 414 1474 Syracusis
433 1390 468 1454 in
486 1389 619 1455 aedibus
630 1389 757 1474 Aproni
774 1412 848 1454 cum
865 1390 994 1454 litteras
1013 1393 1182 1475 conquire

168 1501 291 1562 remus,
317 1478 508 1543 invenimus.
553 1477 656 1543 Missa
682 1481 745 1562 est,
772 1481 810 1542 ut
835 1478 908 1563 ipsa
936 1478 1113 1565 significat,
1143 1503 1182 1545 ex

169 1567 298 1648 itinere,
322 1587 395 1632 cum
413 1566 534 1630 Verres
557 1566 623 1630 iam
647 1565 685 1630 de
707 1565 876 1650 provincia
898 1567 1105 1652 decessisset,
1129 1568 1227 1632 'Ti-1⁵

170 1655 329 1720 marchidi
342 1677 441 1719 manu
455 1654 586 1738 scripta.
614 1653 737 1719 Recita.
764 1654 942 1720 EPISTULA
955 1653 1182 1722 Tfflnncfflnl.

171 1741 465 1804 TIMARCHIDES
481 1741 614 1808 Vnsrus
639 1747 1183 1812 accursusAPRONIOssnuran

168 1848 276 1896 n101r.
311 1831 382 1896 Iam
400 1830 463 1896 hoe
482 1831 610 1915 quidem
628 1852 695 1896 non
712 1830 921 1916 reprehendo,
940 1830 1026 1915 quod
1044 1833 1182 1899 ascribit

170 1918 357 1985 ‘accensus'.
392 1917 458 1984 Our
482 1919 567 1984 enim
592 1919 654 1984 sibi
677 1919 739 1984 hoc
762 1919 887 1984 scribae
910 1919 973 1984 soli
996 1926 1180 1988 assumant:

170 2006 217 2071 Ἱι.
235 2007 400 2073 Pinaros
433 2006 594 2074 scalsn'?
626 2006 702 2072 volo
732 2029 793 2093 ego
821 2008 883 2072 hoc
911 2029 980 2072 esse
1009 2030 1181 2076 commune
1196 2025 1230 2066 ²⁰

169 2117 391 2180 accensorum,
422 2095 587 2179 lictorum,
618 2095 790 2160 viatorum.
839 2094 911 2160 Fac
943 2113 1181 2164 DILIGENTIAM

168 2201 358 2266 hnmanae,
382 2201 479 2261 ouon
503 2201 551 2248 nn
574 2200 768 2248 Pnnnnoms
791 2200 1093 2250 nmsrmnrlonnn
1115 2205 1179 2251 Ar-

169 2289 286 2334 rmnr.
327 2269 541 2336 Commendat
559 2271 705 2356 Apronio
724 2271 860 2337 Verrem
887 2275 920 2337 et
947 2272 1112 2358 hortatur,
1139 2280 1180 2340 ut

168 2358 308 2423 inimicis
328 2359 396 2423 eius
415 2360 557 2424 resistat.
599 2359 690 2425 Bono
713 2359 875 2444 praesidio
898 2361 1044 2426 munitur
1066 2363 1180 2428 existi-

169 2446 270 2510 matio
294 2449 364 2530 tua,
390 2447 549 2531 siquidem
571 2447 606 2512 in
625 2447 751 2533 Aproni
774 2448 983 2513 constituitur
1006 2449 1180 2536 diligentia
1194 2467 1225 2508 π

169 2537 266 2618 atque
294 2535 497 2600 auctoritate.
542 2535 663 2601 Hasna
691 2554 885 2620 vrnrurnn,
915 2555 1180 2616 nnoonunrmn.

119 2631 168 2683 155
187 2623 293 2699 Quam
311 2622 441 2707 copiose
459 2624 611 2688 landatur
621 2623 786 2710 Apronius
806 2647 825 2690 a
843 2624 1056 2711 Timarchide,
1079 2649 1180 2711 quam

168 2710 351 2797 magnificet
390 2708 450 2775 Oui
465 2732 525 2798 ego
544 2713 638 2777 illum
656 2735 723 2778 non
740 2717 852 2798 putem
870 2714 999 2798 placere
1017 2719 1180 2802 oportere,

169 2799 225 2884 qui
255 2802 349 2864 tanto
382 2821 478 2885 opere
511 2800 710 2866 Timarchidi
741 2802 899 2886 probatus
932 2802 997 2867 sit‘?
1047 2803 1180 2889 Hasna,

168 2905 333 2953 snnPrnn
357 2905 455 2953 unnn
478 2905 611 2955 nncms.
656 2888 797 2954 Necesse
820 2893 882 2975 est,
911 2891 940 2955 si
963 2891 1039 2975 quid
1062 2893 1179 2957 redun-
1193 2909 1225 2952 eo

168 2976 254 3040 darit
272 2976 311 3040 de
329 2981 439 3042 vestro
459 2976 671 3042 frumentario
696 2981 841 3062 quaestu,
865 2978 906 3042 ad
928 2979 1022 3044 illum
1045 2980 1179 3064 potissi-

167 3087 266 3147 mum,
283 3085 342 3150 per
361 3087 456 3149 quem
476 3066 634 3151 agebatis,
653 3065 831 3131 defluxisse.
864 3065 1019 3151 Somnus,
1037 3085 1179 3134 APPARI-

166 3169 278 3217 rosns
319 3169 490 3219 sncnrrrs
532 3172 670 3237 aarum
714 3171 787 3219 cun
826 3154 862 3219 L.
899 3155 1074 3240 Vonrmo,
1115 3175 1179 3234 our

166 3257 349 3304 enormen
375 3258 523 3324 eornsr,
556 3259 685 3326 canon,
714 3259 875 3308 coucrnn.
920 3243 1050 3328 Videte,
1078 3267 1178 3329 quam

166 3327 262 3392 valde
289 3328 434 3393 malitiae
462 3351 540 3394 suae
568 3330 708 3396 confidat
730 3331 966 3416 Timarchides,
994 3333 1050 3417 qui
1076 3334 1179 3399 etiam
1193 3352 1222 3394 ιι

51 3440 59 3451 ,
166 3412 314 3496 Apronio
340 3415 551 3500 inprobitatis
573 3421 748 3503 praecepta
770 3419 833 3484 det.
877 3419 948 3485 Iam
973 3420 1036 3486 hoo
1059 3420 1179 3508 haedo,

166 3500 321 3564 concide'!
344 3523 450 3567 nonne
473 3505 567 3569 vobis
590 3506 690 3571 verba
713 3506 809 3572 domo
832 3509 964 3592 patroni
987 3510 1179 3594 depromere

117 1097 169 1224 tl
