2524 3876
334 990 381 1064 M.
411 988 554 1064 TULLI
582 990 833 1068 clonaomo

232 1154 338 1240 PRO
370 1156 414 1238 P.
448 1153 691 1256 QUlNOTIO
724 1154 927 1242 ORATIO.

401 1443 764 1512 ARGUMENTUM

130 1562 165 1620 Μ.
189 1564 284 1619 Tullio
307 1563 414 1619 Deouln
436 1563 483 1620 (ln.
508 1565 637 1620 Cornelio
660 1565 808 1620 Dolabella
830 1582 899 1622 oona
924 1582 996 1621 anno
1015 1585 1041 1621 u.
1062 1585 1084 1623 o.

84 1641 129 1689 673
151 1635 188 1689 M.
212 1635 323 1690 Tullius
346 1635 454 1702 Cicero,
482 1653 546 1718 enm
562 1636 631 1759 {aaa
656 1653 760 1718 annuin
785 1637 951 1719 yieesimum
977 1640 1086 1692 sextum

84 1706 1087 1845 tantillaafflatatlsslltlttllll’illl

85 1817 153 1969 {aad
175 1846 203 1901 C.
223 1819 503 1972 Atquffiunliliilum
527 1847 648 1930 iudicem
671 1820 880 1972 eggffll’NlPll
904 1849 1026 1972 effindem·
1045 1849 1087 1973 inl

86 1917 422 2056 itleaifftallai.
437 1935 688 2058 innonat
702 1935 917 2056 annale
935 1919 1085 2059 ...tutti

86 2055 138 2122 Quo
160 2059 264 2114 indicio
289 2058 343 2114 etsi
360 2058 463 2112 litteris
480 2059 624 2129 proditum
641 2075 699 2112 non
717 2061 761 2113 eet
778 2062 873 2113 utrum
891 2059 921 2114 P.
941 2059 1086 2125 Quinctius

85 2129 278 2184 condemnatus
297 2146 333 2183 an
351 2130 496 2184 absolutus
514 2129 560 2198 eit,
578 2132 673 2184 tamen
691 2129 802 2184 videtur
815 2129 852 2183 Μ.
868 2129 976 2184 Tullius
991 2129 1087 2186 clienti

85 2214 130 2252 eno
150 2217 205 2254 non
227 2201 289 2255 eine
311 2201 386 2254 iusta
408 2216 493 2254 causa
520 2199 550 2253 in
576 2199 620 2253 ine
648 2199 761 2267 educto,
790 2200 839 2254 eod
865 2200 961 2268 iniqua
991 2203 1087 2256 tamen

84 2269 184 2325 ratione
201 2271 271 2326 iuris
291 2285 432 2340 oppresso,
450 2270 590 2340 praesidio
608 2270 704 2339 fuisse,
723 2271 799 2338 quod
817 2270 973 2326 orationem
986 2274 1087 2341 postea

85 2341 254 2411 conseripsit,
274 2341 461 2411 conscriptam
478 2341 553 2396 foras
572 2340 657 2395 dedit.

111 2607 113 2612 ’
167 2589 324 2666 Quaeres
346 2591 381 2655 in
403 2591 535 2656 civitate
559 2591 639 2656 duae
661 2590 839 2675 plurimum
861 2595 1008 2676 poseant,
1031 2613 1087 2656 eae
1106 2573 1124 2698 ἒ

88 2681 192 2743 eontra
217 2701 278 2744 nos
309 2679 423 2744 ambae
454 2678 579 2745 faciunt
609 2679 644 2743 in
675 2678 737 2742 hoo
768 2682 929 2763 tempore,
960 2700 1088 2744 summa

18 2831 21 2838 ,
89 2767 187 2849 gratia
199 2771 232 2832 et
247 2767 445 2852 eloquentia3
465 2789 602 2850 quarum
618 2767 767 2848 alteram,
781 2765 816 2831 Ο.
830 2767 952 2850 Aquili,
965 2788 1088 2851 vereor,

89 2853 216 2919 alteram
238 2860 358 2920 metuo.
398 2854 595 2938 Eloquentia
616 2853 652 2930 Q.
670 2853 828 2919 Hortensi
849 2876 890 2919 ne
913 2876 965 2919 me
983 2855 1018 2919 in
1041 2855 1088 2918 di-

68 2942 179 3006 scendo
192 2943 358 3027 impediat,
370 2965 436 3008 non
449 2943 532 3007 nihil
547 2964 761 3027 commoveor,
780 2943 888 3028 gratia
902 2940 973 3007 Sex.
984 2941 1089 3008 Naevi

89 3047 125 3092 ne
144 3028 178 3095 P.
199 3031 349 3106 Quinctio
375 3035 505 3114 nooeat,
530 3031 565 3096 id
591 3052 668 3097 voro
695 3052 762 3095 non
790 3031 995 3097 mediocriter
1018 3052 1088 3114 per-

91 3115 223 3184 timeaoo.
257 3118 371 3204 Neque
391 3119 453 3184 hoo
471 3123 565 3184 tanto
584 3141 681 3203 opero
700 3119 898 3202 querendum
916 3119 1088 3202 videretur,
1106 3133 1123 3180 2

92 3201 161 3270 haee
187 3228 313 3272 summa
338 3207 373 3272 in
399 3207 467 3271 illis
495 3229 579 3291 esso,
607 3207 634 3271 si
663 3207 698 3270 in
719 3206 814 3271 nobis
838 3210 946 3271 essent
970 3207 1088 3272 saltem

94 3293 266 3381 mediocria3
287 3318 400 3362 verum
423 3295 471 3360 ita
493 3317 528 3359 se
550 3317 602 3360 res
625 3295 735 3377 habet,
757 3297 795 3358 ut
817 3316 887 3380 ego,
911 3294 967 3378 qui
984 3317 1088 3378 neque

63 3399 146 3444 auen
167 3384 244 3448 satis
266 3387 299 3448 et
320 3383 451 3470 ingenio
474 3406 591 3468 parum
613 3404 760 3466 possum,
785 3403 859 3447 eum
881 3387 1019 3466 patrono
1044 3382 1088 3446 di-

94 3469 260 3536 sertissimo
287 3493 468 3556 comparer,
500 3471 535 3535 P.
559 3469 741 3552 (iniectae,
772 3469 824 3534 oni
855 3474 969 3535 tennes
1001 3492 1088 3556 open,

140 3579 265 3626 o1o.n.1.
859 3579 872 3625 1
