2622 3884
217 156 283 221 416
517 153 557 208 IN
576 154 605 210 C.
621 153 775 209 VERREM
791 153 871 210 ACT.
890 155 924 208 11.

218 300 435 368 meretriciam
472 299 603 366 domum
638 299 819 365 transtulit.
867 297 998 385 Viginti
1033 301 1067 364 et
1101 303 1226 385 septem
1289 301 1290 330 ³

217 392 386 478 praetcrea
413 388 544 454 tabulas
571 387 788 474 pulcherrime
814 386 919 472 pictas
948 408 987 452 ex
1012 387 1126 452 eedem
1149 388 1226 453 aede

218 477 366 562 sustulit,
392 477 427 542 in
455 477 571 562 quibus
600 480 693 543 erant
717 475 876 562 imagines
899 473 1028 541 Siciliae
1050 497 1167 562 regum
1189 498 1227 543 ac

217 570 445 651 tyrannorum,
476 587 560 650 quae
591 587 658 630 non
686 565 793 630 solum
820 563 982 649 pictorum
1009 564 1148 630 artificio
1177 565 1227 630 de

218 655 398 741 lactabant,
434 654 491 720 sed
522 653 622 719 etiam
653 651 961 719 commemoratione
992 653 1163 719 hominum
1194 657 1251 718 ete

218 743 404 830 cognitione
421 742 611 808 formarum.
651 741 701 807 Ac
723 741 844 826 uidete,
868 744 990 826 quanto
1013 741 1152 808 taetrior
1173 741 1228 807 hic

190 891 194 896 .
218 836 377 917 tyrannus
400 829 611 915 Syracusanis
639 829 739 895 fuerit
767 851 864 915 quam
888 829 1060 914 quisquam
1084 830 1227 915 superio

218 942 291 986 rum
309 942 478 1004 umquam3
500 919 552 985 illi
569 922 681 984 tamen
699 921 856 983 ornarunt
874 918 1000 1002 templa
1017 917 1152 984 deorum
1170 917 1228 984 im·

218 1009 417 1092 mortalium,
438 1007 493 1074 hio
510 1007 610 1073 etiam
627 1006 761 1072 illorum
781 1009 994 1072 monumenta
1013 1009 1112 1091 atque
1135 1029 1228 1072 orna-

218 1101 330 1163 menta
352 1096 495 1162 sustulit.
1241 1114 1261 1153 lo

166 1155 218 1282 {33
284 1185 355 1251 Iam
372 1206 450 1250 vero
470 1184 547 1268 quid
565 1204 626 1269 ego
648 1183 687 1248 de
709 1183 815 1249 valvis
837 1182 927 1248 illius
950 1183 1067 1268 templi
1090 1204 1228 1250 comme

219 1273 365 1340 morem?
404 1271 541 1356 Vereor,
567 1293 621 1356 ne,
648 1270 730 1337 haec
757 1272 812 1356 qui
839 1292 905 1338 non
927 1270 1091 1356 viderunt,
1119 1274 1229 1339 omnia
1289 1311 1290 1350 ι

218 1361 382 1428 menimis
397 1381 515 1447 augere
530 1364 629 1444 atque
645 1381 760 1426 ornare
780 1360 992 1444 arbitrentur3
1011 1360 1098 1444 quod
1117 1364 1229 1427 tamen
1289 1353 1290 1416 Ῑ

218 1471 313 1514 nemo
342 1448 500 1534 suspicari
527 1449 635 1533 debet,
662 1451 732 1514 tam
755 1469 825 1514 csso
848 1470 900 1513 me
923 1447 1089 1533 cupidum,
1117 1453 1155 1514 ut
1177 1454 1229 1516 tot

218 1538 306 1603 viros
325 1537 498 1622 primarios
517 1536 626 1621 velim,
647 1536 841 1622 praesertim
860 1557 899 1602 ex
918 1536 1060 1602 iudicum
1082 1555 1261 1624 numero,1⁵
1289 1593 1290 1612 ,

220 1626 276 1710 qui
299 1623 465 1710 Syracusis
487 1625 623 1710 fuerint,
649 1625 705 1710 qui
726 1624 807 1690 haec
829 1623 983 1708 viderint,
1005 1646 1076 1692 esse
1099 1626 1227 1691 temeri-

218 1714 282 1779 tati
296 1717 329 1779 et
343 1714 510 1779 mendacio
523 1735 596 1780 meo
610 1713 764 1779 conscios.
795 1710 995 1779 Confirmare
1013 1712 1076 1779 hoc
1093 1714 1228 1800 liquido,

218 1802 349 1888 iudices,
366 1823 509 1888 possum,
527 1803 640 1868 valvas
655 1800 959 1888 magnificentiores,
978 1823 1017 1866 ex
1031 1824 1110 1868 auro
1130 1807 1226 1888 atque
1289 1831 1290 1850 ι

219 1891 317 1957 ebore
350 1890 587 1976 perfectiores,
609 1890 718 1955 nullas
749 1911 905 1974 umquam
935 1890 1005 1955 ullo
1036 1889 1072 1954 in
1101 1891 1226 1975 templo

218 1978 329 2045 luisse.
374 1978 567 2044 Incredibile
594 1978 682 2044 dictu
710 1981 773 2061 est,
802 2000 899 2063 quam
927 1978 1023 2044 multi
1046 1977 1164 2045 Graeci
1190 1979 1259 2045 deso
1289 2029 1290 2056 ι

218 2067 336 2132 harum
367 2067 536 2132 valvarum
568 2066 808 2152 pulchritudine
840 2066 996 2149 scriptum
1026 2066 1227 2152 reliquerint.
1289 2061 1290 2146 l

219 2153 366 2220 Nimium
396 2154 537 2221 forsitan
566 2153 648 2220 haec
678 2154 730 2219 illi
761 2154 919 2220 mirentur
950 2158 1047 2239 atque
1077 2155 1226 2241 efferant3
1289 2157 1290 2212 ἶ

220 2246 304 2328 est03
326 2264 439 2309 verum
457 2248 568 2309 tamen
585 2243 754 2309 honestius
774 2246 824 2308 est
844 2243 892 2308 rei
914 2243 1063 2328 publicae
1085 2249 1227 2329 nostrae,

218 2330 349 2416 iudices,
371 2352 419 2415 ea,
443 2354 525 2416 quae
542 2331 610 2396 illis
634 2332 771 2416 pulchre
794 2352 865 2397 esse
886 2331 1067 2417 videantur,
1089 2332 1227 2418 impera·
1289 2393 1290 2404 .

218 2422 325 2485 torem
342 2423 493 2486 nostrum
509 2419 545 2484 in
562 2419 650 2486 bello
669 2419 839 2505 reliquisse
863 2441 961 2504 quam
983 2424 1171 2506 praetorem
1193 2423 1227 2486 in
1239 2439 1259 2478 ιι

219 2529 299 2592 pace
313 2508 497 2574 abstulisse.
528 2506 578 2572 Ex
593 2509 690 2574 ebore
704 2507 954 2594 diligentissime
970 2508 1114 2593 perfecta
1134 2532 1227 2597 argu-

219 2599 330 2661 menta
357 2600 450 2662 erant
475 2597 510 2662 in
532 2597 650 2680 valvis3
678 2617 716 2662 ea
739 2596 939 2662 detrahenda
961 2597 1087 2663 curavit
1109 2599 1228 2664 omnia.

220 2682 383 2770 Gorgonis
411 2705 447 2749 os
472 2683 727 2770 pulcherrimum
749 2683 890 2751 cinctum
914 2684 1075 2772 anguibus
1097 2687 1229 2753 revellit

220 2775 317 2857 atque
336 2772 483 2856 abstulit,
505 2776 539 2838 et
561 2776 672 2838 tamen
693 2772 850 2839 indicavit
872 2793 907 2839 se
930 2795 997 2839 non
1020 2774 1128 2840 solum
1152 2777 1229 2842 arti·

218 2860 306 2945 ficio,
334 2860 390 2926 sed
417 2861 517 2926 etiam
544 2861 650 2946 pretio
678 2865 878 2946 quaestuque
906 2860 991 2945 duci3
1017 2884 1094 2928 nam
1118 2863 1228 2930 bullas
1241 2879 1261 2920 ³⁰

219 2969 335 3014 aureas
367 2970 478 3015 omnes
511 2970 550 3015 ex
580 2949 622 3014 iis
653 2950 772 3034 valvis,
805 2971 886 3035 quae
918 2953 1013 3016 erant
1042 2951 1168 3018 multae
1198 2956 1230 3018 et

219 3037 1231 3212 {illicitisllllallnlllimlslllluiul*liinstilti

445 3177 455 3211 ,
708 3176 715 3193 .

218 3213 364 3297 reliquit,
391 3218 441 3298 nt,
469 3236 552 3298 quae
580 3215 659 3280 olim
685 3215 727 3280 ad
750 3214 929 3281 ornandum
952 3217 1111 3302 templum
1134 3221 1232 3284 erant

219 3321 382 3386 maxume,
417 3324 503 3368 nuno
535 3307 667 3368 tuntum
700 3303 740 3368 ad
772 3304 986 3371 claudendum
1017 3303 1125 3371 factae
1157 3327 1232 3372 esse
1247 3323 1290 3412 sq

168 3386 415 3486 laevideantnr.
454 3389 605 3456 Etiamne
625 3391 810 3477 gramineas
828 3391 942 3458 hastas
963 3393 1045 3478 (vidi
1064 3394 1150 3458 enim
1169 3417 1233 3460 vos
1289 3423 1290 3428 ¹

218 3493 252 3536 m
277 3473 340 3539 hoe
361 3475 505 3560 nomine,
533 3500 607 3543 eum
629 3479 725 3543 testis
748 3479 883 3565 (liceret,
906 3482 1104 3549 commoveri
1129 3483 1234 3567 [quod
