2622 3884
224 177 290 242 448
528 174 567 230 IN
585 174 614 230 0.
629 173 784 230 VERREM
802 174 931 230 ACTII.

171 293 212 421 ἕξ
290 321 438 404 Denique
457 343 530 385 cunr
549 341 588 386 ex
607 325 739 385 senatus
760 319 960 386 consulto't
933 341 1077 403 remque
1102 341 1143 384 ex
1168 320 1237 404 lege

225 409 377 474 Terentia
409 412 442 473 et
428 407 584 473 tCassia
615 408 816 474 frumentum
848 407 1064 492 aequabiliter
1097 408 1166 473 emi
1197 409 1236 472 ab

225 497 375 563 omnibus
391 495 519 562 Siciliae
534 496 723 563 civitatibus
737 500 913 581 oporteret,
926 495 960 560 id
975 518 1104 580 quoque
1119 518 1236 562 munus

164 647 171 660 ,
224 585 295 650 leve
315 590 412 669 atque
431 607 600 650 commune
618 584 823 650 Mamertinis
844 585 1009 650 remisisti.
1049 584 1150 650 Dices
1174 586 1236 649 frn-

224 677 370 738 mentum
393 673 606 740 Mamertinos
628 694 695 738 non
718 674 843 738 debere.
880 672 951 749 Quo
975 673 1071 738 rnodo
1095 695 1166 739 non
1189 674 1256 737 des

224 763 323 828 bere?
348 785 391 828 an
408 767 509 827 utne
532 762 730 828 venderent?
752 783 819 827 non
842 761 928 826 enim
952 766 1024 826 erat
1045 761 1110 828 hoc
1133 783 1235 849 genus

224 850 381 916 frumenti
407 873 447 916 ex
474 872 512 916 eo
540 871 671 937 genere,
699 850 785 933 qnod
813 849 1010 935 exigeretur,
1038 851 1096 914 sed
1125 873 1167 916 ex
1191 872 1236 934 ec,

226 941 312 1024 quod
344 937 528 1005 emeretur(
564 939 609 1004 Te
638 937 740 1023 igitur
770 942 902 1004 auctore
929 941 962 1003 et
988 938 1171 1023 interprete
1198 961 1236 1003 ne

223 1030 296 1094 foro
322 1027 450 1112 quidem
474 1031 508 1091 et
531 1029 714 1093 commeatu
731 1026 920 1092 Mamertini
941 1028 1054 1092 iuvare
1075 1029 1235 1112 populum

172 1131 205 1181 53
225 1118 407 1183 Romanurn
427 1116 614 1180 debuerunt.
652 1113 778 1189 Quaet
763 1115 893 1180 tandem
918 1115 996 1180 civit
981 1119 1033 1180 tas
1056 1114 1130 1198 fuit,
1155 1133 1264 1200 quaen

225 1205 379 1272 deberet?
420 1203 482 1279 Qui
504 1204 653 1288 publicos
677 1223 774 1288 agros
798 1206 903 1286 arant,
926 1206 1050 1269 certum
1074 1207 1135 1289 est,
1160 1205 1234 1288 quid

225 1317 242 1362 e
265 1295 339 1381 lege
366 1293 513 1357 censoria
536 1293 687 1374 debeant3
714 1291 845 1356 curbis
869 1293 1042 1375 quicquam
1065 1255 1234 1377 prabterea

224 1405 263 1448 ex
278 1384 343 1447 alio
358 1402 475 1466 genere
488 1340 713 1464 imperavisti?
747 1379 853 1456 Quid?
872 1380 1041 1446 decumani
1059 1403 1139 1446 num
1159 1381 1234 1464 quid

223 1473 318 1556 praet
319 1492 354 1535 er
382 1469 528 1554 singulas
557 1469 706 1534 decumas
735 1489 774 1532 ex
788 1467 872 1621 tlege
895 1468 1071 1534 Hieronica
1094 1469 1233 1534 debent?

224 1581 280 1624 cur
298 1558 350 1623 his
372 1579 499 1641 quoque
522 1556 677 1638 statuisti,
701 1560 859 1639 quantum
882 1578 921 1622 ex
943 1557 1006 1622 hoc
1029 1579 1148 1643 genere
1171 1557 1264 1622 fra-⁵
1245 1574 1264 1613 1⁵

224 1647 327 1712 menti
355 1646 457 1730 empti
485 1645 620 1747 darent?
663 1607 750 1720 Quid
772 1645 954 1710 immunes?
982 1645 1018 1710 hi
1040 1649 1129 1711 certe
1151 1646 1232 1710 nihil
1287 1641 1288 1680 ³

224 1736 351 1801 debent.
396 1733 443 1798 At
475 1733 521 1799 eis
552 1755 619 1800 non
646 1733 779 1798 modo
769 1734 952 1818 imperasti,
982 1756 1097 1800 verum
1125 1735 1232 1817 etiam,

225 1847 288 1908 quo
307 1825 381 1908 plus
403 1823 526 1906 darent,
549 1844 647 1905 quam
668 1824 831 1907 poterant,
853 1822 934 1888 haec
957 1843 1121 1908 sexagena
1144 1823 1232 1888 milia

223 1913 378 1994 modium,
396 1933 478 1996 quae
496 1909 700 1976 Mamertinis
719 1911 900 1994 remiseras,
922 1910 1231 1996 addidistutNeqae'

223 2001 285 2067 hoc
313 1963 397 2101 dieb,
425 1999 541 2065 ceteris
567 2021 634 2065 non
661 2002 748 2064 recte
775 2000 985 2084 imperatum,
1013 2000 1070 2064 sed
1094 1999 1231 2065 Mamer·
1243 2017 1263 2056 ²0

223 2089 316 2173 tinia,
339 2089 395 2174 qui
413 2088 535 2152 erant
525 2111 561 2152 1n
583 2087 694 2152 cadem
718 2109 829 2188 causa,
852 2091 885 2152 et
909 2087 1025 2171 quibus
1049 2089 1232 2172 superiores

224 2198 335 2242 omnes
351 2178 545 2261 [praetores]
561 2176 640 2241 item
654 2180 692 2240 ut
706 2171 821 2240 ceteris
836 2176 1036 2260 imperarant
1048 2176 1231 2261 pecuniam·

224 2286 285 2349 que
300 2286 339 2329 ex
352 2269 483 2329 senatus
498 2265 647 2330 consulto
662 2269 695 2330 et
709 2285 748 2328 ex
762 2265 834 2348 lege
849 2265 1076 2349 dissolverant,
1094 2265 1148 2330 his
1163 2266 1230 2330 dico

222 2373 289 2417 non
311 2356 398 2417 recte
420 2353 600 2418 remissurn.
637 2352 681 2418 Et
705 2356 741 2416 ut
763 2352 825 2418 hoc
848 2352 1048 2436 beneficium,
1071 2374 1169 2437 quem
1193 2354 1230 2418 ad

223 2440 355 2505 modum
388 2441 518 2524 dicitur,
549 2441 671 2506 trabali
703 2441 795 2506 clavo
827 2441 957 2526 figeret,
989 2463 1061 2506 curn
1095 2443 1261 2507 consilio&

224 2550 355 2594 causam
382 2528 651 2595 Mamertinorum
681 2529 855 2615 cognoscit·
877 2532 910 2594 et
938 2529 976 2594 de
1004 2529 1134 2594 consilii
1161 2552 1229 2595 sen-

222 2617 327 2682 tentia
353 2617 557 2682 Mamertinis
588 2639 622 2682 se
652 2617 850 2682 frumentum
877 2639 945 2682 non
970 2617 1132 2702 imperare
1159 2641 1229 2704 pro-

169 2717 205 2767 cl
222 2706 361 2771 nuntiat.
412 2705 531 2770 Audite
563 2705 726 2772 decretum
758 2705 972 2771 mercennarii
1002 2707 1166 2791 praetoris
1194 2730 1229 2771 ex

222 2795 325 2879 ipsius
345 2794 577 2860 commentario
596 2797 630 2858 et
648 2794 843 2880 cognoscite,
867 2799 989 2878 quanta
1006 2794 1042 2858 in
1060 2794 1227 2860 scribendo

223 2883 382 2968 gravitas,
410 2886 532 2966 quanta
558 2882 594 2946 in
621 2882 847 2948 constituendo
875 2883 944 2948 iure
972 2881 1017 2946 sit
1042 2884 1259 2948 auctoritasw

221 2970 345 3037 Recita.
377 2968 664 3036 Communicamus.
696 2970 735 3036 D.
751 2969 785 3036 O.
800 2968 831 3035 S.
845 2970 985 3035 libenter
1004 2971 1052 3035 ait
1071 2971 1226 3036 sefacere

221 3059 333 3142 itaque
354 3059 536 3143 perscribit.
578 3059 671 3144 Quid,
694 3059 723 3124 si
745 3060 807 3124 hoc
829 3059 929 3126 verbo
951 3081 1018 3124 non
1041 3080 1129 3124 esses
1153 3081 1226 3124 usus

223 3145 416 3212 ‘libenter'?
448 3169 508 3212 nos
536 3147 686 3214 videlicet
710 3147 850 3214 invitum
873 3151 906 3212 te
930 3150 1101 3230 quaestum
1123 3147 1225 3212 facere

221 3239 420 3319 putaremus.
464 3235 514 3300 Ac
541 3233 596 3300 ‘de
628 3236 756 3301 consilii
784 3234 975 3301 sententia'l
1019 3235 1225 3301 Praeclarum
1283 3233 1284 3321 l

220 3323 351 3387 recitari
370 3323 554 3405 consilium,
576 3324 711 3407 iudices,
735 3324 852 3388 audist
828 3328 884 3406 trs,
908 3328 1018 3389 utrum
1036 3323 1130 3388 vobis
1154 3347 1224 3390 con·
1237 3339 1257 3379 ³⁵

222 3408 330 3471 silium
348 3409 481 3474 tandem
498 3410 659 3494 praetoris
678 3411 808 3476 recitari
827 3374 1006 3493 videbatur,
1028 3433 1102 3476 cum
1123 3413 1225 3477 audie

221 3493 308 3556 batis
347 3496 493 3579 nomina,
532 3519 574 3560 an
609 3498 781 3581 praedonis
818 3461 1054 3582 improbissimi
1089 3501 1224 3566 societas
