2590 3884
407 198 484 254 cer.
504 206 572 255 e-e
592 205 607 266 ς
626 205 739 255 ar-ar.
1021 199 1084 263 107

80 342 139 407 dari
155 365 226 408 cera
245 343 411 430 legitima,
428 365 494 409 non
505 344 564 408 illa
578 342 693 410 infami
707 366 745 410 ac
758 343 892 410 nefaria.
928 344 1038 429 Atque
1057 343 1085 409 is

79 453 135 495 non
143 435 208 496 tam
218 435 361 516 propter
371 430 507 497 Verrem
517 432 655 515 laborat,
667 454 765 517 quam
775 432 861 516 quod
870 454 944 498 eum
953 433 1085 499 minime

79 541 123 584 res
136 523 205 586 tota
220 520 377 586 delectat.
400 519 499 585 Videt
514 520 608 605 enim,
626 521 654 584 si
668 521 804 606 spueris
814 521 989 607 nobilibus,
1004 541 1085 607 quos

79 609 171 674 adbuc
189 608 299 691 elusit,
324 608 389 674 sia
409 608 725 694 quadruplatoribus,
749 630 830 693 quos
846 631 913 675 non
931 609 1000 675 sine
1014 631 1087 675 cau·

57 718 109 762 esa
120 697 317 782 contempsit
337 717 467 781 semper
487 719 525 762 ac
545 719 607 782 pro
629 696 733 762 nihilo
752 697 890 782 putavit,
914 697 1086 764 accusandi

78 787 217 850 voluntas
247 785 291 851 ad
314 785 406 850 viros
428 784 530 850 fortes
554 788 782 870 spectatosque
805 784 952 850 homines
980 790 1085 851 trans-

78 874 138 938 lata
163 874 220 957 sit,
248 894 324 938 sese
352 873 387 937 in
416 872 541 939 iudiciis
565 873 686 938 diutius
711 872 871 938 dominari
892 895 958 938 non
980 894 1125 988 posse.8
1201 907 1202 910 ¹

78 961 152 1028 Huic
174 982 235 1049 ego
259 961 392 1027 homini
415 961 480 1025 iam
502 964 579 1026 ante
602 961 767 1045 denuntio,
790 961 818 1026 si
842 984 861 1026 a
880 982 931 1026 me
955 983 1085 1026 causam
1105 1001 1138 1050 25

78 1048 151 1115 hauc
168 1072 226 1117 vos
247 1050 306 1137 agi
328 1050 506 1134 volueritn,
522 1049 683 1114 rationem
702 1048 753 1114 illi
771 1049 960 1114 defendendi
981 1053 1086 1114 totam

49 1160 140 1203 nesse
156 1140 361 1222 mutandam,
384 1140 417 1202 et
438 1137 485 1202 ita
508 1138 706 1222 mutandam,
729 1141 766 1202 ut
784 1137 918 1202 meliore
937 1141 970 1202 et
987 1137 1087 1202 bone·

80 1227 168 1292 stiore
181 1227 383 1306 condicione,
402 1246 499 1309 quam
514 1247 579 1309 qua
591 1225 661 1311 ipse
675 1226 756 1310 vult,
773 1225 922 1291 imitetur
937 1226 1086 1291 homines

81 1337 136 1399 eos,
148 1337 228 1400 quos
242 1315 318 1401 ipse
333 1313 415 1379 vidit
429 1313 657 1399 amplissimos,
671 1313 707 1378 L.
721 1312 875 1379 Crassum
885 1317 918 1380 et
927 1313 970 1379 M.
984 1315 1086 1379 Anto-

80 1403 168 1488 nium,
190 1403 248 1489 qui
270 1400 357 1468 nihil
381 1423 415 1467 se
439 1403 685 1468 arbitrabantur
708 1401 749 1467 ad
771 1402 889 1468 iudicia
907 1424 1087 1486 causasque

82 1491 247 1558 amicorum
268 1495 402 1577 praeter
424 1489 518 1556 fidem
544 1493 578 1556 et
599 1490 766 1577 ingenium
790 1491 904 1556 afferre
927 1495 1086 1576 oportere.

51 1600 71 1639 a
82 1577 162 1644 Nihil
191 1580 270 1664 erit,
300 1579 388 1664 quod
413 1599 465 1643 me
493 1582 611 1664 agente
641 1579 818 1644 arbitretur
840 1578 993 1645 iudicium
1017 1579 1086 1644 sine

82 1667 1088 1839 lttttattltttstttttattitulatur
1106 1681 1139 1730 ²⁶

82 1843 211 1910 Romani
239 1846 427 1929 susceptam
455 1864 526 1908 esse
556 1842 710 1928 arbitror,
740 1845 778 1907 ut
805 1841 887 1907 mihi
913 1863 979 1907 non
1005 1863 1087 1906 unus

83 1931 172 1998 homo
208 1932 382 2018 improbus
423 1931 652 2016 opprimendus
695 1931 751 2016 sit,
793 1929 825 1994 id
866 1930 952 2014 quod
989 1927 1089 1994 Siculi

54 2021 275 2105 repetiverunt,
307 2019 364 2085 sed
391 2020 495 2086 omnis
525 2019 733 2105 improbitas,
764 2018 798 2083 id
830 2017 917 2102 quod
947 2018 1088 2103 populus

85 2107 241 2175 Romanus
262 2109 331 2180 iam
349 2107 403 2173 diu
421 2107 561 2193 flagitat,
585 2107 819 2194 exstinguenda
837 2109 934 2190 atque
954 2105 1090 2171 delenda

87 2197 130 2262 sit.
172 2197 212 2262 In
240 2219 306 2282 quo
335 2217 396 2282 ego
424 2195 502 2280 quid
525 2195 604 2260 eniti
628 2199 684 2262 aut
707 2195 785 2279 quid
808 2194 934 2260 efficere
956 2194 1089 2280 possim,

87 2286 212 2350 maloin
229 2285 371 2351 aliorum
394 2305 451 2369 spe
474 2283 657 2368 relinquere
676 2305 773 2367 quarn
796 2283 829 2347 in
852 2282 998 2348 oratione
1017 2305 1090 2348 mea
1170 2360 1172 2364 .

106 2395 204 2440 onere.

57 2395 105 2519 up
145 2461 193 2527 'lu
211 2483 300 2541 vero,
317 2459 447 2544 Caecili,
468 2460 545 2544 quid
563 2461 680 2546 potes?
704 2481 767 2544 quo
785 2463 932 2544 tempore
951 2464 1007 2524 aut
1026 2482 1090 2544 qua
1108 2472 1142 2522 aa

87 2549 116 2614 in
137 2573 170 2616 re
192 2573 260 2617 non
281 2549 378 2614 modo
401 2548 517 2614 ceteris
541 2548 701 2632 specimen
726 2547 858 2632 aliquod
881 2547 1011 2633 dedisti,
1035 2547 1091 2614 sed

89 2641 151 2703 tute
172 2639 222 2705 tui
245 2638 424 2725 periculum
446 2636 576 2702 fecisti?
612 2635 651 2700 In
669 2640 811 2700 mentem
830 2635 892 2702 tibi
909 2658 975 2702 nou
993 2636 1091 2720 venit,

91 2727 158 2808 quid
186 2727 313 2812 negotii
345 2725 388 2790 sit
419 2746 550 2790 causam
582 2725 747 2809 publicam
780 2725 952 2808 sustinere,
989 2725 1090 2788 vitam

91 2815 216 2882 alterius
235 2819 339 2879 totam
359 2813 521 2898 explicare
539 2816 637 2896 atque
652 2833 723 2878 eam
735 2834 802 2878 non
815 2813 911 2878 modo
926 2810 1091 2876 inanimis

61 2901 236 2988 uindicum,
266 2903 322 2968 sed
350 2901 447 2968 etiam
475 2901 512 2966 in
543 2901 645 2966 oculis
678 2905 915 2986 conspectuque
948 2897 1092 2964 omnium

93 3011 254 3077 exponere,
282 2991 443 3057 sociorum
470 2990 625 3074 salutem,
652 2990 822 3056 commoda
843 2986 1092 3074 provinciarum,

92 3079 150 3144 rim
158 3081 278 3168 legum,
292 3079 489 3166 gravitatem
498 3077 690 3144 iudiciorum
705 3077 896 3143 defendere?
924 3073 1091 3160 Cognosce
1111 3081 1131 3144 9

93 3187 125 3230 ex
146 3191 209 3253 me,
237 3168 390 3254 quoniam
412 3167 475 3233 hoc
497 3167 638 3252 primum
661 3171 790 3252 tempus
814 3162 956 3229 discendi
977 3166 1093 3226 nactus

93 3276 135 3341 es,
163 3280 260 3343 quam
291 3258 397 3322 multa
428 3276 498 3321 esse
533 3259 684 3340 oporteat
715 3255 749 3318 in
782 3274 834 3338 eo,
866 3250 922 3336 qui
953 3250 1092 3314 alterum

64 3350 226 3430 peccunt,
248 3367 286 3412 ex
310 3345 427 3430 quibus
451 3344 479 3408 si
501 3366 600 3408 unum
624 3342 756 3426 aliquod
778 3341 812 3406 in
835 3343 869 3405 te
893 3337 1093 3425 cognoveris,

93 3452 148 3518 ego
167 3434 234 3500 iam
255 3434 319 3499 tibi
341 3434 411 3519 ipse
433 3432 532 3516 istuc,
555 3430 642 3515 quod
664 3429 802 3515 expetis,
829 3450 903 3492 mea
924 3427 1093 3492 uoluntate

94 3522 265 3589 concedam.
314 3522 461 3587 Primum
489 3519 714 3604 integritatem
747 3520 845 3600 atque
875 3513 1092 3580 innocentiam
