2590 3884
158 185 221 252 186
452 181 492 237 IN
510 181 539 236 0.
558 180 812 238 vanuum-Aur.
831 181 864 237 Π.

156 329 275 394 etenim
312 331 384 392 erat
419 325 567 411 iniquum
602 326 728 392 homini
763 326 946 410 proscripto
984 327 1095 414 egenti
1134 327 1176 392 de

154 416 308 482 fraternis
327 415 422 481 bonis
442 415 616 500 quicquam
634 415 713 480 dari.
749 415 911 499 Libertus
933 415 997 480 nisi
1015 438 1055 480 ex
1068 419 1176 481 testa-

155 509 267 571 mento
289 505 422 589 patroni
444 505 593 588 iurasset,
616 504 720 570 scelus
744 525 779 569 se
801 503 964 570 facturum
988 504 1173 570 arbitraba-

107 607 155 657 124
172 598 240 678 tur,
262 594 374 678 itaque
397 593 428 658 ei
450 592 569 658 Verres
592 591 831 676 possessionem
854 592 1047 658 hereditatis
1069 596 1175 679 negat
1293 645 1294 678 ,

156 705 190 748 se
221 683 386 766 daturum,
417 703 459 746 ne
485 685 597 766 posset
623 685 798 766 patronum
827 703 921 746 suum
949 681 1207 766 proscriptumc
1293 681 1294 716 l

155 772 280 856 iuvare,
308 771 406 835 simul
433 773 470 834 ut
498 774 584 836 esset
610 791 729 856 poena,
761 770 847 854 quod
875 770 1010 835 alterius
1038 770 1173 855 patroni
1293 773 1294 868 l

155 863 353 926 testamento
377 863 644 944 optemperasset.
688 857 757 924 Das
780 859 1021 944 possessionem
1045 858 1089 943 ei,
1114 859 1174 943 qui

155 971 222 1014 non
247 949 382 1031 iuravit3
409 947 562 1030 conced03
591 947 792 1031 praetorium
815 951 874 1012 est.
919 945 1048 1012 Adimi·
1071 951 1108 1012 tu
1132 947 1174 1032 ei,
1293 1019 1294 1042 ,

156 1037 213 1121 qui
226 1037 363 1120 iuravit,
387 1057 450 1119 quo
469 1035 639 1120 exemplo?
664 1034 887 1120 Proscriptum
905 1035 1011 1119 iuvat3
1034 1035 1088 1100 lex
1109 1039 1174 1120 ert,
1293 1043 1294 1116 ξ

155 1148 261 1212 poena
275 1129 332 1190 cst.
366 1123 450 1200 Quid
464 1124 506 1189 ad
520 1146 602 1208 eum,
617 1124 673 1207 qui
686 1124 737 1188 ius
752 1123 852 1190 dicit?
873 1127 984 1188 utrum
997 1124 1174 1209 reprehen-
1191 1142 1224 1182 ιο
1293 1139 1294 1204 l

156 1215 215 1297 dis,
235 1214 321 1298 quod
334 1216 509 1297 patronum
527 1212 663 1278 iuvabat
682 1234 764 1296 eum,
783 1212 840 1296 qui
859 1215 957 1294 [tum]
976 1211 1011 1276 in
1029 1213 1173 1278 miseriis
1293 1213 1294 1298 l

155 1305 235 1384 erat,
250 1324 292 1366 an
304 1301 390 1385 quod
402 1301 536 1366 alterius
548 1299 681 1386 patroni
692 1301 814 1366 mortui
824 1301 1029 1383 voluntatem
1044 1322 1174 1367 conser-
1293 1309 1294 1370 l

154 1390 267 1472 rabat,
298 1412 318 1454 a
346 1411 409 1473 quo
436 1411 600 1455 summum
622 1389 814 1456 beneficium
838 1389 1028 1474 acceperat?
1059 1393 1175 1456 utrum

154 1478 272 1543 horum
300 1477 530 1562 reprehendis?
575 1478 620 1544 Et
648 1477 711 1544 hoc
736 1481 809 1544 tum
836 1478 875 1544 de
906 1478 988 1543 sella
1010 1477 1062 1542 vir
1085 1478 1174 1563 opti·

155 1587 227 1631 mus
254 1565 348 1630 dixit:
377 1564 503 1650 ‘Equiti
528 1565 677 1632 Romano
704 1570 774 1632 tam
807 1565 964 1652 locupleti
995 1566 1173 1632 libertinus
1190 1586 1220 1626 1⁵
1293 1647 1294 1650 Ἴ

154 1654 253 1721 homo
277 1655 321 1719 sit
343 1653 472 1719 heres?
517 1653 752 1720 Omodcstum
775 1655 935 1739 ordinem,
964 1654 1051 1739 quod
1076 1654 1174 1722 illinc
1293 1677 1294 1680 ’

154 1743 248 1809 vivus
272 1743 426 1808 surrexit!
1293 1811 1294 1814 ,

104 1848 153 1897 125
220 1831 359 1897 Possum
387 1835 534 1896 sescenta
562 1831 690 1897 decreta
716 1831 876 1916 proferre,
907 1830 942 1894 in
970 1831 1103 1915 quibus,
1131 1836 1174 1896 ut
1293 1839 1294 1842 ’

155 1942 216 2007 ego
235 1942 302 1986 non
320 1920 434 2003 dicam,
456 1920 626 2005 pecuniam
643 1921 865 1986 intercessisse
878 1919 951 2004 ipsa
965 1919 1173 1986 decretorum
1293 1977 1294 1998 ,

154 2009 284 2074 novitas
311 2008 531 2093 iniquitasque
559 2009 717 2092 declarat3
749 2030 876 2092 verum,
904 2010 942 2072 ut
970 2029 1009 2072 ex
1036 2029 1103 2074 uno
1130 2009 1172 2074 de
1187 2027 1217 2067 ²⁰
1293 2011 1294 2088 l

155 2097 270 2162 ceteris
304 2097 522 2162 coniecturam
553 2096 660 2162 facere
691 2097 840 2182 possitis,
876 2096 910 2161 id
942 2095 1027 2180 quod
1058 2097 1172 2182 priore
1293 2145 1294 2164 2

101 2185 144 2251 48
156 2185 282 2250 actione
309 2184 480 2268 didicistis,
508 2185 625 2251 audite.
671 2183 705 2250 (l.
729 2183 890 2270 Sulpicius
913 2182 1073 2270 Olympus
1096 2185 1171 2251 fuit.
1293 2191 1294 2198 ³

153 2271 187 2336 Is
210 2276 359 2338 mortuus
383 2277 434 2338 est
456 2272 490 2338 O.
514 2271 687 2338 Sacerdote
709 2277 869 2359 praetore,
893 2273 1002 2339 nescio
1026 2295 1069 2337 an
1092 2277 1172 2338 ante
1293 2335 1294 2338 ,

154 2382 253 2444 quam
275 2360 395 2426 Verres
422 2365 610 2447 praeturam
634 2365 745 2446 petere
768 2361 889 2446 coepit3
915 2361 993 2426 fecit
1015 2361 1171 2427 heredem

152 2447 195 2514 M
238 2448 408 2515 Octavium
448 2449 611 2536 Ligurem.
672 2448 774 2536 Ligus
816 2449 1031 2515 hereditatem
1073 2450 1170 2535 adiit3
1186 2468 1213 2509 rs

154 2537 300 2622 possedit
330 2536 503 2604 Sacerdote
539 2541 690 2624 praetore
727 2539 796 2604 sine
833 2539 902 2604 ulla
937 2539 1170 2604 controversia.
1293 2537 1294 2592 ἒ

133 2667 134 2671 =
152 2625 372 2710 Posteaquam
390 2625 509 2691 Verres
528 2627 760 2712 magistratum
777 2626 861 2708 iniit,
885 2649 923 2692 ex
941 2626 1046 2692 edicto
1060 2626 1168 2710 istius,
1293 2629 1294 2708 ἴ

155 2715 241 2798 quod
264 2715 404 2780 edictum
428 2713 584 2781 Sacerdos
606 2737 674 2781 non
694 2715 865 2798 habuerat,
890 2711 1013 2799 Sulpici
1035 2715 1169 2799 patroni

153 2804 223 2868 filia
263 2807 389 2868 sextam
428 2807 557 2888 partem
593 2803 784 2869 hereditatis
822 2804 863 2868 ab
899 2803 1020 2889 Ligure
1055 2807 1168 2888 petere
1293 2875 1294 2880 γ

154 2892 270 2976 coepit.
324 2891 425 2977 Ligus
456 2913 524 2958 non
556 2892 676 2958 aderat.
731 2892 767 2957 L.
798 2892 902 2957 irater
934 2892 1003 2956 eius
1035 2913 1168 2958 causam
1183 2910 1209 2950 ⁸⁰

154 2981 287 3066 agebat3
315 2980 449 3045 aderant
472 2981 580 3064 amici,
607 2981 790 3066 propinqui.
836 2980 975 3046 Dicebat
997 2980 1073 3064 iste,
1103 2981 1169 3046 nisi

153 3091 227 3133 cum
250 3067 385 3133 muliere
409 3069 621 3153 decideretur,
648 3069 683 3134 in
705 3069 945 3154 possessionem
969 3089 1003 3134 sa
1032 3069 1080 3134 irc
1103 3069 1168 3134 ius-

153 3178 274 3222 surum.
314 3155 350 3221 L.
374 3156 500 3223 Gellius
528 3179 658 3223 causam
685 3157 816 3244 Liguris
840 3157 1047 3242 defendebam
1076 3157 1168 3223 doce·

152 3245 211 3309 bat
230 3245 371 3311 edictum
390 3245 458 3310 eius
475 3268 543 3312 non
556 3250 706 3331 oportere
719 3246 754 3310 in
769 3268 823 3312 eas
838 3246 1035 3312 hereditates
1049 3246 1168 3331 valere,

153 3353 236 3414 quae
251 3336 326 3397 ante
341 3355 414 3398 eum
432 3339 615 3418 praetorem
634 3335 814 3419 venissent3
834 3334 862 3400 si
879 3335 942 3400 hcc
960 3338 1032 3400 tum
1049 3333 1168 3400 fuisset
1182 3351 1208 3392 ³⁵
1293 3383 1294 3388 η

153 3418 306 3502 edictum,
333 3421 474 3486 fortasse
497 3422 651 3508 Ligurem
673 3422 888 3488 hereditatem
912 3423 1077 3488 aditurum
1099 3443 1168 3489 non

152 3503 261 3569 fuisse.
297 3507 413 3592 Aequa
432 3510 622 3594 postulatio,
645 3532 772 3576 summa
794 3511 964 3578 hominum
987 3511 1167 3578 auctoritas
