2622 3884
174 176 241 240 434
471 173 511 226 IN
530 172 558 228 0.
577 171 732 228 VERREM
749 172 830 228 AOT.
849 173 883 228 11.

174 341 212 384 ea
240 317 400 383 facilitate
427 321 625 402 praetorem,
655 322 692 382 ut
721 319 761 382 ab
790 339 828 382 eo
857 340 1024 383 servorum
1054 316 1189 383 sceleris
1297 331 1298 404 ἢ

174 405 470 490 coniurationisque
500 406 729 470 damnatorum
756 406 826 471 vita
853 406 906 470 rel
934 407 1006 490 ipso
1036 407 1189 472 carnifice
1297 411 1298 474 Ῑ

173 495 373 560 internuntio
396 494 631 559 redimeretur?
1297 571 1298 574 ,

122 558 155 685 1}
241 582 346 659 ouius
378 583 440 648 hoc
466 582 502 646 in
520 580 746 667 Apolloniensi
764 582 990 667 Aristo-camo,
1018 583 1119 667 quid?
1154 583 1189 646 in

174 670 296 736 Leonte
327 669 550 737 Imacharensi
585 692 651 735 non
686 671 772 734 idem
804 669 934 736 fecisti?
984 669 1090 746 Quid?
1123 671 1216 752 isles
1297 665 1298 674 ’

175 763 283 824 motus
302 759 510 824 servitiorum
528 759 670 843 bellique
690 759 800 823 subita
764 759 965 860 tsuspieio
989 764 1100 825 utrum
1123 759 1188 822 tibi
1297 793 1298 848 3

174 849 308 913 tandem
326 847 530 934 diligentiam
549 846 777 912 custodiendae
796 847 982 932 provinciae
1002 869 1044 912 an
1066 869 1187 912 novam

147 937 335 1014 ⁴rationem
361 935 594 1021 inprobissumi
623 939 776 1019 quaestus
801 936 936 1001 attulit?
977 935 1188 1018 Halicyensis
1297 953 1298 1032 3

174 1025 388 1128 Eumenidae,
417 1023 536 1090 nobilis
565 1023 707 1088 hominis
736 1027 769 1088 et
796 1022 939 1107 honesti,
967 1044 1106 1108 maguae
1133 1045 1189 1108 pe·
1297 1001 1298 1100 l

175 1114 288 1179 cuniae
323 1113 438 1178 vilicus
475 1133 548 1178 cum
583 1112 766 1263 inpulsut
767 1133 809 1176 uo
845 1075 1053 1176 insimulatus
1090 1116 1188 1196 esset,
1202 1133 1227 1172 m

174 1200 300 1267 Hs*
254 1221 302 1268 nx
325 1224 345 1266 a
372 1199 502 1266 domino
532 1200 672 1284 accepist
674 1200 698 1284 i,
726 1199 811 1283 quod
838 1222 941 1284 nuper
965 1201 1035 1284 ipse
1058 1163 1188 1265 iuratus,
1297 1255 1298 1262 ,

176 1290 285 1356 docuit
319 1310 414 1372 quem
447 1288 488 1353 ad
520 1288 652 1353 modum
684 1291 757 1373 gest
757 1310 813 1352 um
846 1291 940 1352 essct.
917 1287 1043 1352 tAb
1077 1289 1188 1372 equite
1297 1283 1298 1364 J

175 1378 322 1443 Romano
356 1374 390 1440 O.
413 1375 567 1441 Matrinio
601 1377 748 1461 absente
781 1398 854 1441 cum
883 1377 911 1440 is
940 1380 1025 1441 esset
1052 1376 1188 1461 Romae,
1297 1389 1298 1440 ζ

176 1466 263 1549 quod
299 1465 367 1530 eius
404 1463 518 1528 vilicos
555 1427 819 1549 pastoresqdet
805 1464 907 1527 tibi
898 1486 933 1529 ιιι
967 1464 1187 1548 suspicionem

176 1554 302 1618 venisse
318 1553 453 1636 dixeras,
471 1549 585 1615 HS*
542 1571 588 1617 Dc
603 1553 779 1618 abstulisti
744 1551 905 1616 tDixit
923 1553 1033 1617 hocL.
1043 1552 1186 1638 Flavius,
1202 1573 1225 1614 ιι
1297 1557 1298 1560 ’

177 1640 233 1725 qui
255 1641 319 1705 tibi
341 1662 413 1704 eam
436 1639 606 1742 pecuniam
628 1640 825 1724 numeravit,
848 1645 1002 1724 procurat
1004 1662 1041 1705 or
988 1640 1099 1706 O
1118 1640 1186 1706 Ma·
1297 1663 1298 1696 1

176 1730 268 1814 trini,
296 1727 415 1793 dixit
406 1750 476 1812 lpse
501 1728 598 1793 Μιι
557 1728 688 1811 trmius,
716 1728 794 1794 dicit
780 1727 866 1792 ιιιι
890 1729 1104 1814 clarissimus,
1128 1729 1185 1795 On.
1297 1739 1298 1776 ἰ

176 1817 334 1883 Lentulus
367 1838 493 1901 censor,
527 1817 582 1900 qui
608 1816 744 1882 Matrini
775 1817 909 1881 honoris
937 1839 1035 1882 causa
1061 1820 1187 1883 recenti
1297 1819 1298 1876 ι

176 1906 309 1992 negotio
333 1905 374 1970 ad
397 1907 430 1969 te
454 1905 581 1969 litteras
606 1905 696 1970 misit
719 1904 958 1988 mittendasque
982 1907 1115 1970 curavit.

125 2008 158 2058 16
245 1994 349 2070 Quid?
382 1993 421 2058 de
444 1992 634 2077 Apollonio,
665 1992 774 2057 Diocli
804 1992 887 2077 filio,
918 1993 1186 2078 Panhormitano,
1201 2015 1225 2054 ιο

177 2082 229 2148 cui
252 2081 389 2146 Gemino
413 2101 593 2166 cognomen
617 2085 676 2164 est,
698 2081 869 2165 praeteriri
891 2082 1022 2165 potest?
1058 2081 1186 2166 Ecquid

176 2170 239 2235 hoe
257 2173 329 2235 tota
347 2166 458 2233 Sicilia
475 2169 605 2252 clarius,
624 2168 737 2252 ecquid
755 2169 928 2254 indignius,
952 2169 1065 2253 ecquid
1084 2171 1186 2235 mani·
1297 2217 1298 2250 r

176 2257 293 2322 festius
316 2255 455 2341 proferri
480 2257 611 2340 potest?
653 2255 764 2341 Quem,
786 2260 824 2322 ut
841 2257 1063 2323 Panhormum
1086 2259 1185 2343 venit,

178 2346 219 2410 ad
251 2366 285 2409 se
317 2344 427 2409 vocari
458 2348 492 2409 et
524 2346 563 2409 de
595 2345 753 2410 tribunali
782 2345 877 2410 citari
903 2346 999 2410 iussit
1027 2367 1186 2413 concursu

177 2455 297 2519 magno
339 2432 586 2517 frequentiaque
627 2438 765 2499 convent
767 2455 813 2499 us.
871 2433 1028 2499 Homines
1070 2437 1184 2501 statim
1200 2455 1225 2495 ιι

74 2557 80 2566 ·
177 2522 280 2606 loqui:
309 2520 480 2605 Mirabar,
509 2521 594 2605 quod
622 2521 830 2606 Apollonius,
857 2522 955 2587 homo
983 2524 1185 2610 pecuniosus,

177 2614 247 2675 tam
274 2608 329 2673 diu
357 2610 469 2674 abt
425 2613 490 2674 ιιιο
519 2614 664 2674 maneret
688 2611 828 2696 integer,
856 2610 1053 2696 excogitavit
1074 2613 1185 2679 nescio

178 2697 268 2782 quid,
300 2701 351 2762 att
352 2697 427 2781 ulit3
459 2696 606 2848 profecto,
636 2698 734 2762 homo
762 2699 851 2764 dives
879 2703 1011 2782 lepente
1040 2700 1185 2766 aVerre

177 2809 244 2850 non
262 2784 331 2850 sine
350 2806 448 2850 causa
466 2785 531 2848 cita
532 2783 606 2848 t.'ur
641 2784 787 2871 Expecta
768 2787 834 2851 atio
859 2809 985 2852 summa
1005 2787 1185 2875 hominum,

179 2874 332 2958 quidnam
363 2872 397 2937 id
429 2876 528 2956 esset,
560 2894 633 2938 cum
665 2874 865 2939 exanimatus
898 2876 1048 2940 subito
1038 2899 1109 2961 rpse
1135 2901 1185 2945 ac·
1198 2897 1226 2938 so

179 2963 280 3027 currit
302 2984 375 3026 oum
399 2924 603 3025 adulesdente
625 2961 707 3045 filio3
733 2984 809 3026 nem
832 2965 925 3114 pater
948 2965 1080 3048 grandis
1103 2971 1186 3033 natu

129 3063 159 3111 ιι
179 3050 245 3114 iam
263 3050 318 3113 diu
336 3049 420 3114 lecto
444 3049 624 3113 tenebatur.
664 3049 870 3115 Nominatis
843 3053 905 3115 rste
929 3073 1068 3154 servum,
1089 3075 1186 3136 quem

179 3136 374 3238 magistrum
397 3137 522 3220 pecoris
546 3158 615 3202 esse
639 3136 771 3221 diceret3
801 3160 873 3202 eum
897 3138 975 3203 dicit
961 3141 1185 3207 tconiurasse

179 3228 213 3290 et
240 3223 381 3288 familias
409 3225 596 3290 concitasse.
639 3224 672 3289 Is
700 3186 830 3290 οιιιιιιιιο
859 3247 970 3292 servus
997 3227 1031 3291 in
1057 3227 1186 3294 familia
1297 3233 1298 3306 f

178 3333 245 3376 non
277 3315 355 3374 erat.
405 3311 489 3376 Eum
523 3313 635 3376 statim
667 3312 811 3377 exhiberi
843 3314 941 3378 iubet.
987 3315 1184 3399 Apollonius
1199 3336 1223 3376 ιι
1297 3321 1298 3324 ’

180 3399 350 3476 adfirmare
378 3419 412 3462 se
440 3400 571 3464 omnino
598 3401 727 3463 nomine
754 3400 812 3464 illo
837 3422 964 3465 servum
988 3403 1108 3468 habere
1131 3428 1185 3470 ne·

180 3484 308 3547 minem.
352 3483 419 3548 Iste
446 3485 611 3550 hominem
639 3487 744 3571 abripi
774 3510 793 3550 ι
820 3488 977 3553 tribunali
1001 3491 1090 3554 etin
1114 3514 1183 3557 ear·
