2622 3884
368 248 437 304 Lm.
451 249 490 304 IV
518 249 596 306 oAP.
616 256 721 305 11-13
739 256 754 318 e
773 257 887 306 ae-ar.
1070 252 1136 318 375

123 395 283 462 maana.
328 393 460 461 Etenim
487 395 516 460 si
538 394 742 479 Phylarchus
768 394 980 480 vendidisset,
1006 417 1073 462 non
1098 396 1136 482 ei,

122 487 338 569 posteaquam
356 505 431 549 reus
449 482 556 550 factus
574 505 619 568 es,
641 483 842 549 redditurum
864 488 898 549 te
920 484 1135 568 promisisses.

124 569 218 648 Quod
245 571 321 658 quia
345 572 457 638 vidisti
478 572 589 657 plures
613 571 709 657 scire,
736 572 902 658 cogitasti,
930 573 959 638 si
982 573 1012 638 ei
1034 573 1136 639 reddi-

125 661 237 746 disses,
255 664 288 726 te
303 660 410 726 minus
426 659 625 744 habiturum,
643 682 712 725 rem
730 660 834 726 nihilo
853 660 960 727 minus
979 665 1134 728 testatam

94 749 283 834 afuturam,
309 771 376 815 uon
400 749 577 815 reddidisti.
622 748 716 814 Dixit
737 748 940 833 Phylarchus
963 772 1022 834 pro
1045 751 1136 816 testi·

123 837 235 904 monio
254 859 297 920 sc,
321 837 407 921 quod
425 842 538 904 nosset
557 841 651 903 tuum
673 837 774 903 istum
798 838 956 923 morbum,
979 843 1017 905 ut
1040 839 1136 906 amici

124 925 175 992 tui
198 927 379 1012 appellant,
402 925 531 1010 cupisse
551 929 587 991 te
609 927 714 991 celare
738 926 777 991 de
798 926 956 1011 phaleris3
979 949 1052 993 cum
1076 928 1135 993 abs

123 1019 158 1080 te
181 1015 366 1099 appellatus
389 1018 491 1099 esset,
513 1035 651 1101 negasse
673 1014 805 1080 habere*
818 1036 902 1101 sese,
924 1015 1011 1100 apud
1033 1015 1135 1080 alium

123 1124 252 1188 quoque
280 1124 335 1169 eas
361 1102 516 1168 habuisse
543 1103 721 1187 depositas,
747 1124 788 1167 nc
814 1124 878 1188 qua
900 1102 1135 1188 invenirentur3

80 1209 111 1250 ro
123 1191 220 1256 istius
250 1194 380 1265 tantam
412 1190 513 1256 fuisse
545 1191 773 1277 sagacitatem,
805 1196 843 1256 ut
874 1213 928 1257 eas
955 1192 1135 1276 perillum

122 1280 231 1364 ipsum
262 1279 449 1365 inspiceret,
485 1279 542 1344 ubi
573 1283 678 1346 erant.
699 1279 878 1364 depositae,
913 1283 985 1345 tum
1017 1301 1052 1346 se
1085 1281 1134 1346 de

123 1389 278 1453 prensum
304 1389 425 1453 negare
451 1388 518 1433 non
544 1368 705 1452 potuisse3
731 1367 780 1434 ita
804 1369 847 1433 ab
871 1389 904 1433 se
927 1367 1031 1434 invito
1054 1368 1135 1455 phe-

123 1458 209 1523 leres
232 1456 361 1522 ablatas
385 1456 498 1542 gratis.

190 1544 270 1629 Iam,
292 1549 330 1609 ut
347 1544 428 1610 haec
446 1543 556 1610 omnia
573 1543 715 1628 reperire
736 1565 775 1610 ac
796 1545 995 1629 perscrutari
1018 1545 1134 1611 solitus
1146 1517 1188 1644 13}

81 1650 109 1691 1⁵
125 1633 178 1719 sit,
200 1633 330 1716 iudices,
353 1636 404 1698 est
422 1653 540 1718 operae
557 1632 701 1716 pretium
719 1653 921 1716 cognoscere.
960 1632 1135 1717 Cibyratae

124 1725 201 1788 sunt
231 1722 350 1787 fratres
379 1721 523 1806 quidam,
555 1720 762 1804 Tlepolemus
790 1725 823 1785 et
850 1720 965 1805 Hiero,
997 1743 1135 1805 quorum

124 1810 264 1876 alterum
290 1810 414 1896 fingere
442 1809 597 1893 opinore
624 1830 698 1874 cera
726 1808 859 1874 solitum
883 1831 967 1893 esse,
995 1809 1135 1875 alterum

124 1919 195 1964 csso
226 1897 392 1983 pictorem.
442 1897 549 1963 Hoscc
582 1897 710 1981 opinor,
745 1896 882 1980 Cibyrae
915 1919 988 1962 oum
1018 1897 1054 1961 in
1085 1919 1135 1963 su·

124 1986 301 2072 spicionem
320 1985 486 2052 venissent
502 1985 569 2051 suis
588 1985 712 2051 civibus
729 1985 842 2051 fanum
861 1985 1021 2070 expilasse
1035 1985 1135 2071 Apol·
1252 2013 1258 2020 ·

81 2093 111 2134 so
124 2074 211 2160 linis,
233 2075 356 2141 veritos
374 2095 513 2160 poenam
531 2073 642 2140 iudicii
660 2096 698 2139 ac
716 2073 799 2160 legis
824 2073 919 2140 domo
942 2073 1128 2160 profugisse

124 2161 218 2239 Quod
235 2161 372 2228 Verrem
398 2161 529 2228 artificii
557 2162 607 2228 sui
634 2162 785 2246 cupidum
813 2166 1033 2248 cognoverant
1055 2166 1134 2249 tum,

124 2274 199 2318 cum
231 2252 307 2334 iste,
343 2249 377 2314 id
412 2250 497 2335 quod
529 2273 568 2318 ex
599 2251 740 2316 testibus
772 2250 945 2334 didicistis,
981 2250 1136 2336 Cibyram

124 2362 199 2406 cum
221 2339 373 2404 inanibus
397 2339 593 2426 syngraphis
615 2342 763 2423 venerat,
790 2338 886 2404 domo
908 2337 1071 2425 fugientes
1095 2340 1136 2406 ad

125 2449 199 2493 cum
228 2448 263 2492 se
290 2426 413 2510 exules,
441 2449 514 2492 cum
541 2427 605 2493 iste
632 2432 719 2493 esset
745 2427 780 2492 in
800 2426 894 2512 Asia,
920 2430 1136 2494 contuleruut.

81 2532 110 2574 aa
125 2514 252 2581 Habuit
266 2534 322 2580 eos
340 2536 448 2580 secum
466 2515 525 2581 illo
543 2518 691 2599 tempore
710 2519 743 2580 ct
760 2515 795 2580 in
812 2516 987 2601 legationis
1006 2517 1135 2602 praedis

125 2608 224 2688 atque
252 2602 350 2668 furtis
377 2604 517 2669 multum
544 2603 677 2669 illorum
706 2624 804 2688 opera
831 2605 1030 2689 consilioque
1057 2627 1135 2672 usus

125 2697 185 2758 est.
233 2689 279 2756 Hi
311 2695 387 2757 sunt
417 2691 481 2777 illi,
514 2693 631 2777 quibus
662 2692 698 2757 in
723 2692 846 2758 tabulis
873 2693 973 2758 refert
1000 2715 1070 2759 sese
1098 2693 1135 2770 Q.
1154 2707 1187 2756 31

125 2780 246 2846 Tadius
269 2778 407 2846 ‘dedisse
434 2780 525 2845 iussu
547 2780 644 2846 istius
667 2779 799 2846 Graecis
822 2780 1024 2866 pictoribus’.
1068 2780 1135 2846 Eos

124 2869 192 2933 iam
218 2868 301 2933 benc
329 2868 478 2956 cognitos
506 2872 540 2933 et
566 2869 780 2951 reprobatos
804 2891 912 2935 secum
934 2869 969 2932 in
991 2866 1136 2934 Siciliam

82 2974 112 3015 ⁸⁰
126 2957 226 3024 duxit.
259 2955 329 3033 Quo
343 2960 559 3041 posteaquam
571 2961 739 3041 venerunt,
757 2957 940 3022 mirandum
954 2957 989 3021 in
1004 2956 1136 3022 modum

125 3042 236 3133 (canes
268 3045 433 3111 venaticos
465 3045 600 3130 diceres)
631 3046 680 3110 ita
711 3044 932 3110 odorabantur
962 3045 1072 3110 omnia
1103 3050 1137 3111 et

124 3133 408 3219 pervestigabant,
435 3135 486 3218 ut,
512 3132 569 3198 ubi
592 3133 731 3217 quidque
753 3135 853 3217 esset,
876 3132 987 3216 aliqua
1009 3133 1135 3198 ratione

124 3223 315 3288 invenirent.
365 3220 465 3286 Aliud
495 3221 662 3304 minando,
699 3220 787 3286 aliud
818 3220 1015 3306 pollicendo,
1048 3222 1136 3287 aliud

124 3331 183 3395 per
202 3331 322 3395 servos,
345 3309 433 3375 aliud
451 3331 510 3394 per
532 3309 662 3393 liberos,
684 3331 743 3394 per
765 3308 903 3374 amicum
927 3309 1024 3394 aliud,
1048 3310 1136 3376 aliud

83 3415 111 3457 ⁸5
123 3420 183 3484 per
196 3398 363 3464 inimicum
377 3397 599 3482 inveniebant,
618 3397 770 3483 quicquid
786 3397 854 3462 illis
872 3397 1048 3481 placuerat,
1066 3420 1137 3481 per-

15 3543 20 3552 .
125 3485 263 3551 dandum
278 3491 358 3552 erat
393 3484 487 3551 Nihil
502 3485 590 3551 aliud
604 3485 773 3570 optabant,
789 3507 927 3570 quorum
940 3488 1136 3572 poscebatur

125 3577 306 3661 argentum,
328 3573 394 3639 nisi
410 3577 449 3640 ut
466 3574 501 3638 id
517 3573 655 3639 Hieroni
678 3577 712 3638 et
729 3574 917 3660 Tlepolemo
941 3575 1136 3660 displiceret.
