2604 3880
178 149 242 213 148
475 145 515 200 IN
533 146 562 202 C.
576 143 732 202 VERREM
749 145 827 202 ΑΟΤ.
846 145 880 202 II.

176 287 1185 464 ltlssttlltldildini,ttttltlttllpll

176 466 406 551 ooeusandum3
434 488 516 551 quae
539 487 637 533 eausa
657 465 721 531 fuit
743 466 925 551 honestior,
950 487 1048 550 quam
1071 490 1092 533 o
1111 471 1184 534 tam

176 554 309 620 inlustri
335 555 503 640 provincia
526 554 726 620 defensorem
749 554 904 621 constitui
926 558 960 618 et
982 553 1104 642 deligi?
1134 556 1184 621 rei

175 643 325 744 publicae
343 644 525 729 oonsulere;
548 643 625 729 quid
646 648 716 708 tam
738 663 757 708 e
778 664 814 708 re
836 642 968 728 publiea
988 643 1060 724 fait,
1083 661 1210 728 quomo

175 749 211 795 in
233 733 328 796 tanta
349 731 472 796 invidia
492 731 684 797 iudiciorum
707 729 863 797 adducere
885 730 1064 815 hominem,
1091 731 1181 797 ouius

176 818 384 884 damnatione
415 823 505 885 totus
537 819 616 884 ordo
648 841 722 884 eum
752 820 874 904 populo
904 818 1052 884 Romano
1085 821 1118 884 et
1146 818 1182 884 in

175 905 271 971 laude
286 910 319 971 et
332 907 366 972 in
381 907 488 994 gratia
500 911 613 992 posset
631 907 723 973 esse?
746 906 915 973 ostendere
934 927 972 972 ao
989 907 1182 992 persuadere

175 993 340 1060 hominem
357 999 527 1061 nocentem
545 995 719 1061 adductum
737 1016 820 1080 esse,
844 994 916 1079 quis
935 995 1037 1059 estin
1058 995 1181 1080 populo

175 1081 336 1168 Romano,
368 1084 424 1167 qui
454 1083 517 1149 hoo
546 1104 613 1149 non
644 1105 683 1148 ex
709 1083 817 1168 priore
845 1083 971 1148 aetione
999 1083 1181 1166 abstulerit,
1196 1101 1224 1144 ro

176 1170 320 1236 omnium
347 1174 423 1237 ante
450 1170 677 1236 damnatorum
704 1172 840 1255 seelera,
869 1170 972 1255 furto,
999 1169 1126 1257 flagitia
1153 1171 1182 1235 si

175 1279 274 1323 unum
288 1257 444 1324 inlocum
461 1258 677 1343 conferantur,
695 1259 750 1323 vix
768 1280 841 1325 eum
858 1258 954 1324 huius
971 1279 1074 1344 parva
1085 1263 1181 1343 parte

122 1359 156 1408 aa
176 1345 308 1429 aequari
326 1345 528 1431 conferrique
545 1347 664 1432 posse?
696 1345 774 1432 Vos,
798 1347 883 1432 quod
902 1346 943 1411 ad
965 1349 1108 1412 vestram
1131 1345 1181 1411 fa-

174 1455 272 1518 mam,
293 1433 568 1500 existimationem
585 1436 788 1519 salutemque
806 1456 1009 1501 oommunem
1029 1433 1180 1520 pertinet,

174 1520 308 1606 iudioes,
338 1522 515 1608 prospioite
543 1527 640 1609 etque
668 1523 836 1589 consulite.
885 1520 1044 1606 Splendor
1070 1526 1180 1588 vester
1194 1541 1221 1582 rs

63 1648 65 1653 ·
173 1606 265 1693 feeit,
287 1613 326 1674 ut
346 1632 479 1695 peooare
501 1610 572 1676 sine
595 1632 721 1676 summo
743 1610 963 1696 reipublicae
985 1609 1179 1676 detrimento

175 1719 212 1764 ao
242 1698 385 1782 periculo
412 1720 479 1764 non
504 1699 647 1784 possitis.
696 1699 772 1765 Non
799 1698 885 1764 enim
911 1701 1023 1783 potest
1049 1719 1180 1783 sperare

173 1787 314 1870 populus
328 1786 494 1852 Romanus
509 1809 579 1852 esse
594 1787 676 1852 alios
689 1787 725 1851 in
739 1790 863 1870 senatu,
881 1787 937 1870 qui
949 1789 1037 1852 reete
1050 1785 1179 1871 possint

173 1873 328 1959 iudicare,
355 1897 414 1941 vos
441 1875 562 1941 sinon
588 1875 774 1960 potueritis3
801 1895 931 1940 neeesse
954 1878 1017 1958 est,
1044 1896 1117 1940 eum
1140 1875 1179 1939 de

173 1963 246 2026 toto
275 1963 387 2028 ordine
416 1963 609 2048 desperarit,
639 1962 728 2028 aliud
755 1983 857 2048 genus
884 1961 1052 2028 hominum
1080 1966 1179 2047 atque
1192 1981 1219 2020 ro
1299 2018 1301 2028 ,

174 2050 272 2114 aliam
305 2051 465 2114 rationem
495 2051 688 2116 iudiciorum
719 2050 871 2133 requirat.
920 2047 993 2116 Hoo
1025 2049 1053 2116 si
1083 2050 1178 2115 vobis

74 2208 77 2213 ,
172 2137 245 2201 ideo
273 2137 376 2202 levius
402 2138 543 2221 videtur,
570 2137 657 2223 quod
679 2138 803 2223 putatis
826 2159 907 2203 onus
930 2157 1001 2202 esse
1024 2158 1123 2222 grave
1146 2141 1180 2202 et

172 2223 413 2290 incommodum
433 2225 584 2309 iudicare,
606 2227 797 2312 intellegere
820 2224 944 2290 debetis
966 2224 1108 2310 primurn
1130 2224 1178 2288 in·

172 2313 303 2396 teresse,
321 2315 431 2376 utrum
444 2312 477 2376 id
493 2333 575 2378 onus
592 2317 720 2379 vosmet
737 2313 802 2398 ipsi
819 2311 1004 2397 reieceritis,
1023 2333 1073 2395 an,
1092 2310 1179 2397 quod

171 2397 311 2482 probare
337 2399 458 2484 populo
481 2400 628 2468 Romano
651 2402 748 2466 fidem
770 2404 912 2466 vestram
931 2404 965 2465 et
986 2400 1178 2485 religionem
1192 2419 1219 2460 as

171 2507 238 2550 non
255 2487 437 2571 potueritis,
460 2509 497 2554 eo
515 2490 609 2555 vobis
631 2489 793 2555 iudicandi
814 2490 962 2574 potestas
985 2491 1097 2572 erepta
1119 2487 1178 2571 sit,

172 2573 286 2638 deinde
314 2574 412 2639 etiam
439 2575 521 2641 illud
548 2578 707 2664 cogitare,
734 2580 856 2660 quanto
883 2576 1027 2661 perioulo
1049 2576 1179 2640 venturi

172 2661 274 2727 simus
297 2663 338 2727 sd
361 2683 416 2728 eos
439 2664 573 2749 iudices,
601 2685 683 2749 quos
705 2668 840 2749 propter
863 2664 972 2728 odium
993 2662 1101 2728 nostri
1121 2685 1178 2748 po

119 2751 268 2836 repulus
295 2751 461 2817 Romanus
493 2752 532 2817 de
562 2752 658 2817 nobis
688 2752 830 2816 voluerit
855 2752 1006 2817 iudicare.
1055 2749 1178 2816 Verum

171 2839 265 2905 vobis
280 2840 385 2905 dioam
398 2840 440 2925 id,
455 2840 541 2924 quod
556 2839 711 2922 intellexi,
728 2838 859 2905 iudices.
889 2838 1048 2904 Homines
1062 2839 1178 2904 soitote
1191 2858 1218 2898 so

171 2928 425 3080 elsquuoedlm’
443 2949 524 3028 quos
538 2930 667 3078 tant&
681 2926 790 3077 odium
802 2927 911 3079 nobstri
926 2926 1047 2992 ordinis
1061 2930 1180 3077 teneat,

171 3037 194 3080 u
260 3037 298 3080 oe
348 3037 527 3080 aam1am
588 3035 605 3078 e
665 3036 689 3077 n
749 3035 784 3080 se
811 3036 911 3080 rsum
974 3036 1047 3079 uem
1075 3033 1164 3079 seran

173 3124 242 3168 esse
256 3039 421 3168 hominem
438 3064 726 3186 improbissimum,
744 3103 807 3168 hoo
820 3125 884 3168 uno
902 3035 1033 3168 dodino
1051 3101 1180 3166 absolvi

171 3190 268 3274 velle,
290 3193 329 3255 ut
349 3190 391 3254 ab
414 3192 529 3253 senatu
551 3189 669 3255 iudicia
690 3211 749 3275 per
770 3189 984 3276 ignominiam
1003 3187 1179 3272 turpitudi-

171 3298 309 3360 nemque
328 3276 524 3341 auferantur.
556 3276 646 3343 Haeo
664 3300 725 3362 me,
746 3278 876 3362 iudices,
898 3277 1047 3361 pluribus
1070 3277 1178 3342 verbis
1192 3293 1217 3334 ιι

171 3363 339 3428 vobiscum
358 3383 454 3446 agere
473 3365 581 3451 coegit
598 3385 664 3430 non
682 3366 781 3432 timor
798 3387 889 3430 meus
913 3365 952 3430 de
973 3367 1086 3430 vestra
1107 3365 1180 3448 fide,

172 3449 228 3512 sed
260 3469 334 3533 spes
366 3449 499 3514 illorum
530 3473 628 3538 nova,
660 3474 742 3538 quae
769 3475 842 3519 eum
863 3449 1001 3518 Verrem
1030 3474 1051 3518 a
1082 3456 1179 3536 porta
