<?xml version="1.0" encoding="UTF-8"?>
<!DOCTYPE html PUBLIC "-//W3C//DTD XHTML 1.0 Transitional//EN"
    "http://www.w3.org/TR/xhtml1/DTD/xhtml1-transitional.dtd">
<html xmlns="http://www.w3.org/1999/xhtml" xml:lang="en" lang="en">
 <head>
  <title>
</title>
<meta http-equiv="Content-Type" content="text/html;charset=utf-8" />
  <meta name='ocr-system' content='tesseract 3.04.00' />
  <meta name='ocr-capabilities' content='ocr_page ocr_carea ocr_par ocr_line ocrx_word'/>
</head>
<body>
  <div class='ocr_page' id='page_1' title='image "./scriptaquaemans01mullgoog_0453.png"; bbox 0 0 2622 3884; ppageno 0'>
   <div class='ocr_carea' id='block_1_1' title="bbox 166 168 873 240">
    <p class='ocr_par' dir='ltr' id='par_1_1' title="bbox 166 168 873 240">
     <span class='ocr_line' id='line_1_1' title="bbox 166 168 873 240; baseline -0.024 1"><span class='ocrx_word' id='word_1_1' title='bbox 166 175 231 240; x_wconf 82' lang='lat'>338</span> <span class='ocrx_word' id='word_1_2' title='bbox 467 169 507 225; x_wconf 86' lang='lat' dir='ltr'>IN</span> <span class='ocrx_word' id='word_1_3' title='bbox 526 169 556 226; x_wconf 82' lang='lat' dir='ltr'>G.</span> <span class='ocrx_word' id='word_1_4' title='bbox 569 169 725 225; x_wconf 78' lang='lat' dir='ltr'><strong>VERREM</strong></span> <span class='ocrx_word' id='word_1_5' title='bbox 742 168 819 224; x_wconf 75' lang='lat' dir='ltr'>Aer.</span> <span class='ocrx_word' id='word_1_6' title='bbox 838 169 873 224; x_wconf 88' lang='lat' dir='ltr'>H.</span> 
     </span>
    </p>
   </div>
   <div class='ocr_carea' id='block_1_2' title="bbox 62 311 1310 3584">
    <p class='ocr_par' dir='ltr' id='par_1_2' title="bbox 80 311 1310 2259">
     <span class='ocr_line' id='line_1_2' title="bbox 167 311 1180 401; baseline -0.006 -17"><span class='ocrx_word' id='word_1_7' title='bbox 167 321 352 385; x_wconf 87' lang='lat' dir='ltr'>litterarum</span> <span class='ocrx_word' id='word_1_8' title='bbox 374 317 549 382; x_wconf 87' lang='lat' dir='ltr'>missarum</span> <span class='ocrx_word' id='word_1_9' title='bbox 573 315 659 400; x_wconf 90' lang='lat' dir='ltr'>apud</span> <span class='ocrx_word' id='word_1_10' title='bbox 681 314 877 401; x_wconf 88' lang='lat' dir='ltr'>magistrum</span> <span class='ocrx_word' id='word_1_11' title='bbox 899 311 935 378; x_wconf 78' lang='lat' dir='ltr'>L.</span> <span class='ocrx_word' id='word_1_12' title='bbox 954 311 1110 397; x_wconf 79' lang='lat' dir='ltr'>Tullium,</span> <span class='ocrx_word' id='word_1_13' title='bbox 1133 312 1180 378; x_wconf 89' lang='lat' dir='ltr'>fa-</span> 
     </span>
     <span class='ocr_line' id='line_1_3' title="bbox 167 400 1181 489; baseline -0.005 -17"><span class='ocrx_word' id='word_1_14' title='bbox 167 408 328 473; x_wconf 88' lang='lat' dir='ltr'>miliarem</span> <span class='ocrx_word' id='word_1_15' title='bbox 346 408 448 489; x_wconf 91' lang='lat' dir='ltr'>tuum,</span> <span class='ocrx_word' id='word_1_16' title='bbox 466 405 589 489; x_wconf 69' lang='lat' dir='ltr'>inveni,</span> <span class='ocrx_word' id='word_1_17' title='bbox 609 404 725 488; x_wconf 89' lang='lat' dir='ltr'>quibus</span> <span class='ocrx_word' id='word_1_18' title='bbox 745 425 783 468; x_wconf 87' lang='lat' dir='ltr'>ex</span> <span class='ocrx_word' id='word_1_19' title='bbox 802 402 922 467; x_wconf 91' lang='lat' dir='ltr'>litteris</span> <span class='ocrx_word' id='word_1_20' title='bbox 940 400 1181 487; x_wconf 84' lang='lat' dir='ltr'>impudentium</span> 
     </span>
     <span class='ocr_line' id='line_1_4' title="bbox 166 491 1181 579; baseline -0.008 -17"><span class='ocrx_word' id='word_1_21' title='bbox 166 494 395 578; x_wconf 83' lang='lat' dir='ltr'>faeneratoris,</span> <span class='ocrx_word' id='word_1_22' title='bbox 430 515 564 578; x_wconf 83' lang='lat' dir='ltr'>quaeso,</span> <span class='ocrx_word' id='word_1_23' title='bbox 596 492 792 579; x_wconf 86' lang='lat' dir='ltr'>cognoscite.</span> <span class='ocrx_word' id='word_1_24' title='bbox 842 491 1021 556; x_wconf 76' lang='lat' dir='ltr'>errnnnn</span> <span class='ocrx_word' id='word_1_25' title='bbox 1053 507 1181 556; x_wconf 77' lang='lat' dir='ltr'>masan</span> 
     </span>
     <span class='ocr_line' id='line_1_5' title="bbox 167 579 1181 667; baseline -0.008 -17"><span class='ocrx_word' id='word_1_26' title='bbox 167 586 203 650; x_wconf 91' lang='lat' dir='ltr'>P.</span> <span class='ocrx_word' id='word_1_27' title='bbox 235 583 362 667; x_wconf 75' lang='lat' dir='ltr'>Verri,</span> <span class='ocrx_word' id='word_1_28' title='bbox 401 581 437 647; x_wconf 91' lang='lat' dir='ltr'>P.</span> <span class='ocrx_word' id='word_1_29' title='bbox 470 581 628 664; x_wconf 80' lang='lat' dir='ltr'>Suavmr,</span> <span class='ocrx_word' id='word_1_30' title='bbox 668 579 702 646; x_wconf 84' lang='lat' dir='ltr'>O.</span> <span class='ocrx_word' id='word_1_31' title='bbox 732 580 884 645; x_wconf 79' lang='lat' dir='ltr'>Aurrsm</span> <span class='ocrx_word' id='word_1_32' title='bbox 918 595 1181 646; x_wconf 78' lang='lat' dir='ltr'>nnersraouun.</span> 
     </span>
     <span class='ocr_line' id='line_1_6' title="bbox 80 668 1209 750; baseline -0.006 -12"><span class='ocrx_word' id='word_1_33' title='bbox 80 687 83 692; x_wconf 86' lang='lat'>&#39;</span> <span class='ocrx_word' id='word_1_34' title='bbox 167 673 303 738; x_wconf 88' lang='lat' dir='ltr'>Praesto</span> <span class='ocrx_word' id='word_1_35' title='bbox 332 671 379 737; x_wconf 88' lang='lat' dir='ltr'>ait</span> <span class='ocrx_word' id='word_1_36' title='bbox 401 692 436 736; x_wconf 89' lang='lat' dir='ltr'>se</span> <span class='ocrx_word' id='word_1_37' title='bbox 458 670 522 735; x_wconf 91' lang='lat' dir='ltr'>tibi</span> <span class='ocrx_word' id='word_1_38' title='bbox 543 670 690 734; x_wconf 85' lang='lat' dir='ltr'>futurum</span> <span class='ocrx_word' id='word_1_39' title='bbox 708 668 840 734; x_wconf 86' lang='lat' dir='ltr'>Vettius</span> <span class='ocrx_word' id='word_1_40' title='bbox 864 671 897 733; x_wconf 91' lang='lat' dir='ltr'>et</span> <span class='ocrx_word' id='word_1_41' title='bbox 920 669 1209 750; x_wconf 75' lang='lat' dir='ltr'>observaturum,⁵</span> 
     </span>
     <span class='ocr_line' id='line_1_7' title="bbox 169 755 1183 847; baseline -0.008 -20"><span class='ocrx_word' id='word_1_42' title='bbox 169 760 326 847; x_wconf 87' lang='lat' dir='ltr'>quemad</span> <span class='ocrx_word' id='word_1_43' title='bbox 348 760 480 824; x_wconf 92' lang='lat' dir='ltr'>modum</span> <span class='ocrx_word' id='word_1_44' title='bbox 502 758 646 825; x_wconf 91' lang='lat' dir='ltr'>rationes</span> <span class='ocrx_word' id='word_1_45' title='bbox 671 757 711 823; x_wconf 88' lang='lat' dir='ltr'>ad</span> <span class='ocrx_word' id='word_1_46' title='bbox 735 757 896 822; x_wconf 85' lang='lat' dir='ltr'>aerarium</span> <span class='ocrx_word' id='word_1_47' title='bbox 919 757 1055 840; x_wconf 87' lang='lat' dir='ltr'>referas,</span> <span class='ocrx_word' id='word_1_48' title='bbox 1078 760 1129 840; x_wconf 90' lang='lat' dir='ltr'>nt,</span> <span class='ocrx_word' id='word_1_49' title='bbox 1153 755 1183 820; x_wconf 91' lang='lat' dir='ltr'>si</span> 
     </span>
     <span class='ocr_line' id='line_1_8' title="bbox 168 844 1182 932; baseline -0.006 -18"><span class='ocrx_word' id='word_1_50' title='bbox 168 850 252 915; x_wconf 91' lang='lat' dir='ltr'>hanc</span> <span class='ocrx_word' id='word_1_51' title='bbox 267 871 305 913; x_wconf 87' lang='lat' dir='ltr'>ex</span> <span class='ocrx_word' id='word_1_52' title='bbox 318 848 450 914; x_wconf 89' lang='lat' dir='ltr'>faenore</span> <span class='ocrx_word' id='word_1_53' title='bbox 464 847 633 932; x_wconf 92' lang='lat' dir='ltr'>pecuniam</span> <span class='ocrx_word' id='word_1_54' title='bbox 647 847 769 931; x_wconf 92' lang='lat' dir='ltr'>populo</span> <span class='ocrx_word' id='word_1_55' title='bbox 786 867 853 911; x_wconf 91' lang='lat' dir='ltr'>non</span> <span class='ocrx_word' id='word_1_56' title='bbox 869 845 1045 929; x_wconf 76' lang='lat' dir='ltr'>rettuleris,</span> <span class='ocrx_word' id='word_1_57' title='bbox 1063 844 1182 909; x_wconf 82' lang='lat' dir='ltr'><strong>reddas</strong></span> 
     </span>
     <span class='ocr_line' id='line_1_9' title="bbox 113 931 1182 1019; baseline -0.007 -15"><span class='ocrx_word' id='word_1_58' title='bbox 113 953 167 1004; x_wconf 83' lang='grc'><strong>,168</strong></span> <span class='ocrx_word' id='word_1_59' title='bbox 187 937 345 1004; x_wconf 85' lang='lat' dir='ltr'>societati.</span> <span class='ocrx_word' id='word_1_60' title='bbox 381 936 558 1002; x_wconf 82' lang='lat' dir='ltr'>Possumus</span> <span class='ocrx_word' id='word_1_61' title='bbox 577 935 639 1000; x_wconf 95' lang='lat' dir='ltr'>hoc</span> <span class='ocrx_word' id='word_1_62' title='bbox 656 938 750 1018; x_wconf 91' lang='lat' dir='ltr'>teste,</span> <span class='ocrx_word' id='word_1_63' title='bbox 768 956 942 1019; x_wconf 79' lang='lat' dir='ltr'>possumus</span> <span class='ocrx_word' id='word_1_64' title='bbox 960 932 996 998; x_wconf 88' lang='lat' dir='ltr'>P.</span> <span class='ocrx_word' id='word_1_65' title='bbox 1010 931 1130 998; x_wconf 84' lang='lat' dir='ltr'>Servili</span> <span class='ocrx_word' id='word_1_66' title='bbox 1148 936 1182 998; x_wconf 92' lang='lat' dir='ltr'>et</span> 
     </span>
     <span class='ocr_line' id='line_1_10' title="bbox 169 1022 1182 1111; baseline -0.006 -20"><span class='ocrx_word' id='word_1_67' title='bbox 169 1027 204 1093; x_wconf 83' lang='lat' dir='ltr'>O.</span> <span class='ocrx_word' id='word_1_68' title='bbox 223 1025 350 1091; x_wconf 85' lang='lat' dir='ltr'>Antisti</span> <span class='ocrx_word' id='word_1_69' title='bbox 380 1025 613 1111; x_wconf 90' lang='lat' dir='ltr'>magistrorum</span> <span class='ocrx_word' id='word_1_70' title='bbox 640 1023 775 1107; x_wconf 86' lang='lat' dir='ltr'>litteris,</span> <span class='ocrx_word' id='word_1_71' title='bbox 806 1023 984 1106; x_wconf 88' lang='lat' dir='ltr'>primorum</span> <span class='ocrx_word' id='word_1_72' title='bbox 1011 1022 1182 1087; x_wconf 92' lang='lat' dir='ltr'>hominum</span> 
     </span>
     <span class='ocr_line' id='line_1_11' title="bbox 170 1110 1224 1200; baseline -0.01 -20"><span class='ocrx_word' id='word_1_73' title='bbox 170 1120 268 1200; x_wconf 89' lang='lat' dir='ltr'>atque</span> <span class='ocrx_word' id='word_1_74' title='bbox 281 1113 596 1197; x_wconf 86' lang='lat' dir='ltr'>honestissimorum,</span> <span class='ocrx_word' id='word_1_75' title='bbox 609 1133 782 1196; x_wconf 88' lang='lat' dir='ltr'>possumus</span> <span class='ocrx_word' id='word_1_76' title='bbox 797 1110 991 1176; x_wconf 89' lang='lat' dir='ltr'>auctoritate</span> <span class='ocrx_word' id='word_1_77' title='bbox 1006 1110 1183 1195; x_wconf 87' lang='lat' dir='ltr'>societatis,</span> <span class='ocrx_word' id='word_1_78' title='bbox 1197 1129 1224 1170; x_wconf 92' lang='grc'>16</span> 
     </span>
     <span class='ocr_line' id='line_1_12' title="bbox 169 1198 1183 1285; baseline -0.007 -16"><span class='ocrx_word' id='word_1_79' title='bbox 169 1204 261 1269; x_wconf 85' lang='grc'><strong>6111116</strong></span> <span class='ocrx_word' id='word_1_80' title='bbox 283 1202 404 1267; x_wconf 82' lang='grc'><strong>11116116</strong></span> <span class='ocrx_word' id='word_1_81' title='bbox 426 1201 562 1285; x_wconf 85' lang='grc'><strong>1111111111,</strong></span> <span class='ocrx_word' id='word_1_82' title='bbox 586 1199 673 1284; x_wconf 91' lang='lat' dir='ltr'>quod</span> <span class='ocrx_word' id='word_1_83' title='bbox 698 1199 847 1283; x_wconf 81' lang='lat' dir='ltr'>dicimus,</span> <span class='ocrx_word' id='word_1_84' title='bbox 870 1199 1030 1284; x_wconf 76' lang='lat' dir='ltr'>optinere,</span> <span class='ocrx_word' id='word_1_85' title='bbox 1058 1221 1101 1263; x_wconf 88' lang='lat' dir='ltr'>an</span> <span class='ocrx_word' id='word_1_86' title='bbox 1124 1198 1183 1262; x_wconf 90' lang='lat' dir='ltr'>ali-</span> 
     </span>
     <span class='ocr_line' id='line_1_13' title="bbox 119 1286 1183 1376; baseline -0.003 -22"><span class='ocrx_word' id='word_1_87' title='bbox 119 1290 160 1354; x_wconf 79' lang='lat'>72</span> <span class='ocrx_word' id='word_1_88' title='bbox 171 1315 236 1376; x_wconf 90' lang='lat' dir='ltr'>qua</span> <span class='ocrx_word' id='word_1_89' title='bbox 261 1290 407 1355; x_wconf 89' lang='lat' dir='ltr'>firmiora</span> <span class='ocrx_word' id='word_1_90' title='bbox 434 1293 492 1355; x_wconf 86' lang='lat' dir='ltr'>aut</span> <span class='ocrx_word' id='word_1_91' title='bbox 519 1289 672 1374; x_wconf 86' lang='lat' dir='ltr'>graviora</span> <span class='ocrx_word' id='word_1_92' title='bbox 694 1288 878 1373; x_wconf 89' lang='lat' dir='ltr'>quaerenda</span> <span class='ocrx_word' id='word_1_93' title='bbox 900 1289 998 1352; x_wconf 81' lang='lat' dir='ltr'>sunt?</span> <span class='ocrx_word' id='word_1_94' title='bbox 1041 1286 1183 1372; x_wconf 87' lang='lat' dir='ltr'>Vettius,</span> 
     </span>
     <span class='ocr_line' id='line_1_14' title="bbox 169 1375 1183 1461; baseline -0.004 -17"><span class='ocrx_word' id='word_1_95' title='bbox 169 1385 246 1444; x_wconf 87' lang='lat' dir='ltr'>tuus</span> <span class='ocrx_word' id='word_1_96' title='bbox 267 1377 554 1461; x_wconf 86' lang='lat' dir='ltr'>familiarissimus,</span> <span class='ocrx_word' id='word_1_97' title='bbox 576 1376 717 1461; x_wconf 90' lang='lat' dir='ltr'>Vettius,</span> <span class='ocrx_word' id='word_1_98' title='bbox 739 1380 816 1441; x_wconf 92' lang='lat' dir='ltr'>tuus</span> <span class='ocrx_word' id='word_1_99' title='bbox 840 1375 956 1460; x_wconf 86' lang='lat' dir='ltr'>affinis,</span> <span class='ocrx_word' id='word_1_100' title='bbox 979 1376 1069 1441; x_wconf 89' lang='lat' dir='ltr'>euius</span> <span class='ocrx_word' id='word_1_101' title='bbox 1094 1397 1183 1441; x_wconf 80' lang='lat' dir='ltr'>soro</span> 
     </span>
     <span class='ocr_line' id='line_1_15' title="bbox 169 1463 1183 1548; baseline -0.004 -16"><span class='ocrx_word' id='word_1_102' title='bbox 169 1490 239 1532; x_wconf 89' lang='lat' dir='ltr'>rem</span> <span class='ocrx_word' id='word_1_103' title='bbox 256 1467 358 1532; x_wconf 91' lang='lat' dir='ltr'>habes</span> <span class='ocrx_word' id='word_1_104' title='bbox 376 1465 412 1530; x_wconf 92' lang='lat' dir='ltr'>in</span> <span class='ocrx_word' id='word_1_105' title='bbox 430 1465 639 1530; x_wconf 90' lang='lat' dir='ltr'>matrimonio</span> <span class='ocrx_word' id='word_1_106' title='bbox 660 1468 748 1546; x_wconf 87' lang='lat' dir='ltr'>[tuae</span> <span class='ocrx_word' id='word_1_107' title='bbox 765 1465 876 1531; x_wconf 85' lang='lat' dir='ltr'>uxoris</span> <span class='ocrx_word' id='word_1_108' title='bbox 894 1464 1020 1546; x_wconf 89' lang='lat' dir='ltr'>frater],</span> <span class='ocrx_word' id='word_1_109' title='bbox 1038 1463 1183 1548; x_wconf 86' lang='lat' dir='ltr'>Vettius,</span> 
     </span>
     <span class='ocr_line' id='line_1_16' title="bbox 169 1552 1225 1639; baseline -0.003 -19"><span class='ocrx_word' id='word_1_110' title='bbox 169 1556 272 1620; x_wconf 86' lang='lat' dir='ltr'>frater</span> <span class='ocrx_word' id='word_1_111' title='bbox 285 1555 335 1619; x_wconf 89' lang='lat' dir='ltr'>tui</span> <span class='ocrx_word' id='word_1_112' title='bbox 352 1554 544 1639; x_wconf 86' lang='lat' dir='ltr'>quaestoris,</span> <span class='ocrx_word' id='word_1_113' title='bbox 562 1558 705 1619; x_wconf 90' lang='lat' dir='ltr'>testatur</span> <span class='ocrx_word' id='word_1_114' title='bbox 722 1553 843 1618; x_wconf 88' lang='lat' dir='ltr'>litteris</span> <span class='ocrx_word' id='word_1_115' title='bbox 861 1552 1183 1638; x_wconf 86' lang='lat' dir='ltr'>impudentissimum</span> <span class='ocrx_word' id='word_1_116' title='bbox 1198 1569 1225 1610; x_wconf 81' lang='lat'>1⁵</span> 
     </span>
     <span class='ocr_line' id='line_1_17' title="bbox 170 1641 1183 1728; baseline -0.003 -19"><span class='ocrx_word' id='word_1_117' title='bbox 170 1648 263 1709; x_wconf 93' lang='lat' dir='ltr'>tuum</span> <span class='ocrx_word' id='word_1_118' title='bbox 276 1643 401 1709; x_wconf 89' lang='lat' dir='ltr'>furtum</span> <span class='ocrx_word' id='word_1_119' title='bbox 420 1643 701 1728; x_wconf 86' lang='lat' dir='ltr'>certissimumque</span> <span class='ocrx_word' id='word_1_120' title='bbox 719 1643 918 1727; x_wconf 69' lang='lat' dir='ltr'>peculatum,</span> <span class='ocrx_word' id='word_1_121' title='bbox 935 1664 1013 1706; x_wconf 86' lang='lat' dir='ltr'>narn</span> <span class='ocrx_word' id='word_1_122' title='bbox 1031 1663 1096 1725; x_wconf 92' lang='lat' dir='ltr'>quo</span> <span class='ocrx_word' id='word_1_123' title='bbox 1116 1641 1183 1706; x_wconf 88' lang='lat' dir='ltr'>alio</span> 
     </span>
     <span class='ocr_line' id='line_1_18' title="bbox 170 1729 1183 1817; baseline -0.004 -19"><span class='ocrx_word' id='word_1_124' title='bbox 170 1733 301 1798; x_wconf 91' lang='lat' dir='ltr'>nomine</span> <span class='ocrx_word' id='word_1_125' title='bbox 328 1732 482 1817; x_wconf 90' lang='lat' dir='ltr'>pecuniae</span> <span class='ocrx_word' id='word_1_126' title='bbox 509 1731 658 1816; x_wconf 90' lang='lat' dir='ltr'>publicae</span> <span class='ocrx_word' id='word_1_127' title='bbox 685 1731 864 1795; x_wconf 89' lang='lat' dir='ltr'>faeneratio</span> <span class='ocrx_word' id='word_1_128' title='bbox 890 1733 941 1795; x_wconf 91' lang='lat' dir='ltr'>est</span> <span class='ocrx_word' id='word_1_129' title='bbox 963 1729 1183 1814; x_wconf 80' lang='lat' dir='ltr'>appellanda?</span> 
     </span>
     <span class='ocr_line' id='line_1_19' title="bbox 171 1817 1184 1904; baseline -0.005 -18"><span class='ocrx_word' id='word_1_130' title='bbox 171 1820 318 1887; x_wconf 80' lang='lat' dir='ltr'>Scribam</span> <span class='ocrx_word' id='word_1_131' title='bbox 332 1825 426 1885; x_wconf 88' lang='lat' dir='ltr'>tuum</span> <span class='ocrx_word' id='word_1_132' title='bbox 440 1820 526 1903; x_wconf 91' lang='lat' dir='ltr'>dicit,</span> <span class='ocrx_word' id='word_1_133' title='bbox 544 1819 673 1904; x_wconf 85' lang='lat' dir='ltr'>Verres,</span> <span class='ocrx_word' id='word_1_134' title='bbox 690 1819 786 1884; x_wconf 90' lang='lat' dir='ltr'>huius</span> <span class='ocrx_word' id='word_1_135' title='bbox 805 1818 1056 1904; x_wconf 79' lang='lat' dir='ltr'>perscriptorem</span> <span class='ocrx_word' id='word_1_136' title='bbox 1073 1817 1184 1882; x_wconf 86' lang='lat' dir='ltr'>faene-</span> 
     </span>
     <span class='ocr_line' id='line_1_20' title="bbox 170 1907 1310 1995; baseline -0.005 -20"><span class='ocrx_word' id='word_1_137' title='bbox 170 1909 309 1976; x_wconf 80' lang='lat' dir='ltr'>rationis</span> <span class='ocrx_word' id='word_1_138' title='bbox 322 1909 437 1994; x_wconf 79' lang='lat' dir='ltr'>fuisse3</span> <span class='ocrx_word' id='word_1_139' title='bbox 456 1909 486 1974; x_wconf 94' lang='lat' dir='ltr'>ei</span> <span class='ocrx_word' id='word_1_140' title='bbox 500 1930 627 1992; x_wconf 89' lang='lat' dir='ltr'>quoque</span> <span class='ocrx_word' id='word_1_141' title='bbox 646 1908 798 1993; x_wconf 80' lang='lat' dir='ltr'>magistri</span> <span class='ocrx_word' id='word_1_142' title='bbox 816 1907 981 1971; x_wconf 90' lang='lat' dir='ltr'>minantur</span> <span class='ocrx_word' id='word_1_143' title='bbox 998 1907 1033 1970; x_wconf 93' lang='lat' dir='ltr'>in</span> <span class='ocrx_word' id='word_1_144' title='bbox 1051 1907 1183 1990; x_wconf 91' lang='lat' dir='ltr'>litteris,</span> <span class='ocrx_word' id='word_1_145' title='bbox 1306 1981 1310 1995; x_wconf 31' lang='lat'><strong>⁴</strong></span> 
     </span>
     <span class='ocr_line' id='line_1_21' title="bbox 172 1994 1226 2082; baseline -0.004 -18"><span class='ocrx_word' id='word_1_146' title='bbox 172 2003 205 2063; x_wconf 92' lang='lat' dir='ltr'>et</span> <span class='ocrx_word' id='word_1_147' title='bbox 223 2021 300 2064; x_wconf 86' lang='lat' dir='ltr'>casu</span> <span class='ocrx_word' id='word_1_148' title='bbox 319 1998 445 2063; x_wconf 86' lang='lat' dir='ltr'>scribae</span> <span class='ocrx_word' id='word_1_149' title='bbox 462 2000 533 2061; x_wconf 91' lang='lat' dir='ltr'>tum</span> <span class='ocrx_word' id='word_1_150' title='bbox 557 1997 619 2061; x_wconf 91' lang='lat' dir='ltr'>duo</span> <span class='ocrx_word' id='word_1_151' title='bbox 643 1996 795 2082; x_wconf 78' lang='lat' dir='ltr'>magistri</span> <span class='ocrx_word' id='word_1_152' title='bbox 816 1995 949 2060; x_wconf 90' lang='lat' dir='ltr'>fuerunt</span> <span class='ocrx_word' id='word_1_153' title='bbox 971 2017 1044 2060; x_wconf 91' lang='lat' dir='ltr'>cum</span> <span class='ocrx_word' id='word_1_154' title='bbox 1058 1994 1182 2060; x_wconf 82' lang='lat' dir='ltr'>Vettio</span> <span class='ocrx_word' id='word_1_155' title='bbox 1198 2013 1226 2052; x_wconf 74' lang='lat'>2⁰</span> 
     </span>
     <span class='ocr_line' id='line_1_22' title="bbox 170 2083 1183 2168; baseline -0.004 -17"><span class='ocrx_word' id='word_1_156' title='bbox 170 2086 272 2151; x_wconf 88' lang='lat' dir='ltr'>Binas</span> <span class='ocrx_word' id='word_1_157' title='bbox 287 2087 479 2152; x_wconf 89' lang='lat' dir='ltr'>centesimas</span> <span class='ocrx_word' id='word_1_158' title='bbox 494 2087 535 2151; x_wconf 89' lang='lat' dir='ltr'>ab</span> <span class='ocrx_word' id='word_1_159' title='bbox 551 2107 621 2150; x_wconf 88' lang='grc'><strong>6666</strong></span> <span class='ocrx_word' id='word_1_160' title='bbox 638 2085 766 2149; x_wconf 90' lang='lat' dir='ltr'>ablatas</span> <span class='ocrx_word' id='word_1_161' title='bbox 784 2083 952 2148; x_wconf 80' lang='lat' dir='ltr'>ferendum</span> <span class='ocrx_word' id='word_1_162' title='bbox 969 2105 1035 2148; x_wconf 91' lang='lat' dir='ltr'>non</span> <span class='ocrx_word' id='word_1_163' title='bbox 1053 2087 1183 2168; x_wconf 91' lang='lat' dir='ltr'>putant,</span> 
     </span>
     <span class='ocr_line' id='line_1_23' title="bbox 172 2171 1184 2259; baseline -0.003 -21"><span class='ocrx_word' id='word_1_164' title='bbox 172 2179 205 2239; x_wconf 91' lang='lat' dir='ltr'>et</span> <span class='ocrx_word' id='word_1_165' title='bbox 231 2178 319 2239; x_wconf 90' lang='lat' dir='ltr'>recte</span> <span class='ocrx_word' id='word_1_166' title='bbox 345 2196 413 2239; x_wconf 94' lang='lat' dir='ltr'>non</span> <span class='ocrx_word' id='word_1_167' title='bbox 439 2177 566 2259; x_wconf 86' lang='lat' dir='ltr'>putant.</span> <span class='ocrx_word' id='word_1_168' title='bbox 612 2173 691 2249; x_wconf 82' lang='lat' dir='ltr'>Quis</span> <span class='ocrx_word' id='word_1_169' title='bbox 719 2173 806 2238; x_wconf 91' lang='lat' dir='ltr'>enim</span> <span class='ocrx_word' id='word_1_170' title='bbox 832 2173 895 2237; x_wconf 92' lang='lat' dir='ltr'>hoc</span> <span class='ocrx_word' id='word_1_171' title='bbox 916 2171 994 2237; x_wconf 88' lang='lat' dir='ltr'>fecit</span> <span class='ocrx_word' id='word_1_172' title='bbox 1016 2194 1184 2256; x_wconf 83' lang='lat' dir='ltr'>umquam,</span> 
     </span>
    </p>

    <p class='ocr_par' dir='ltr' id='par_1_3' title="bbox 62 2255 1225 2700">
     <span class='ocr_line' id='line_1_24' title="bbox 62 2255 1184 2347; baseline -0.002 -21"><span class='ocrx_word' id='word_1_173' title='bbox 62 2315 64 2320; x_wconf 95' lang='lat'><strong>.</strong></span> <span class='ocrx_word' id='word_1_174' title='bbox 171 2263 244 2347; x_wconf 90' lang='lat' dir='ltr'>quis</span> <span class='ocrx_word' id='word_1_175' title='bbox 273 2262 409 2347; x_wconf 90' lang='lat' dir='ltr'>denique</span> <span class='ocrx_word' id='word_1_176' title='bbox 436 2266 571 2326; x_wconf 91' lang='lat' dir='ltr'>conatus</span> <span class='ocrx_word' id='word_1_177' title='bbox 600 2265 650 2326; x_wconf 91' lang='lat' dir='ltr'>est</span> <span class='ocrx_word' id='word_1_178' title='bbox 673 2255 780 2326; x_wconf 81' lang='lat' dir='ltr'>facere</span> <span class='ocrx_word' id='word_1_179' title='bbox 803 2263 861 2326; x_wconf 89' lang='lat' dir='ltr'>aut</span> <span class='ocrx_word' id='word_1_180' title='bbox 882 2260 955 2326; x_wconf 87' lang='lat' dir='ltr'>fieri</span> <span class='ocrx_word' id='word_1_181' title='bbox 975 2281 1072 2345; x_wconf 86' lang='lat' dir='ltr'>posse</span> <span class='ocrx_word' id='word_1_182' title='bbox 1095 2262 1184 2346; x_wconf 86' lang='lat' dir='ltr'>cogi-</span> 
     </span>
     <span class='ocr_line' id='line_1_25' title="bbox 170 2349 1183 2435; baseline -0.002 -21"><span class='ocrx_word' id='word_1_183' title='bbox 170 2350 263 2432; x_wconf 81' lang='lat' dir='ltr'>tavit,</span> <span class='ocrx_word' id='word_1_184' title='bbox 284 2354 330 2434; x_wconf 89' lang='lat' dir='ltr'>ut,</span> <span class='ocrx_word' id='word_1_185' title='bbox 353 2372 427 2415; x_wconf 90' lang='lat' dir='ltr'>cum</span> <span class='ocrx_word' id='word_1_186' title='bbox 446 2355 577 2415; x_wconf 87' lang='lat' dir='ltr'>senatus</span> <span class='ocrx_word' id='word_1_187' title='bbox 596 2371 695 2415; x_wconf 87' lang='lat' dir='ltr'>usura</span> <span class='ocrx_word' id='word_1_188' title='bbox 711 2349 903 2435; x_wconf 89' lang='lat' dir='ltr'>publicanos</span> <span class='ocrx_word' id='word_1_189' title='bbox 922 2370 1018 2433; x_wconf 90' lang='lat' dir='ltr'>saepe</span> <span class='ocrx_word' id='word_1_190' title='bbox 1036 2349 1183 2433; x_wconf 90' lang='lat' dir='ltr'>iuvisset,</span> 
     </span>
     <span class='ocr_line' id='line_1_26' title="bbox 170 2438 1225 2524; baseline -0.001 -22"><span class='ocrx_word' id='word_1_191' title='bbox 170 2439 384 2524; x_wconf 83' lang='lat' dir='ltr'>magistratus</span> <span class='ocrx_word' id='word_1_192' title='bbox 407 2461 427 2502; x_wconf 87' lang='lat' dir='ltr'>a</span> <span class='ocrx_word' id='word_1_193' title='bbox 449 2438 630 2523; x_wconf 82' lang='lat' dir='ltr'>publicanis</span> <span class='ocrx_word' id='word_1_194' title='bbox 653 2438 823 2524; x_wconf 87' lang='lat' dir='ltr'>pecuniam</span> <span class='ocrx_word' id='word_1_195' title='bbox 844 2459 904 2522; x_wconf 92' lang='lat' dir='ltr'>pro</span> <span class='ocrx_word' id='word_1_196' title='bbox 927 2459 1027 2502; x_wconf 85' lang='lat' dir='ltr'>usura</span> <span class='ocrx_word' id='word_1_197' title='bbox 1049 2438 1184 2502; x_wconf 90' lang='lat' dir='ltr'>auderet</span> <span class='ocrx_word' id='word_1_198' title='bbox 1198 2453 1225 2494; x_wconf 82' lang='lat'>2⁵</span> 
     </span>
     <span class='ocr_line' id='line_1_27' title="bbox 171 2524 1184 2610; baseline -0.003 -17"><span class='ocrx_word' id='word_1_199' title='bbox 171 2526 320 2593; x_wconf 79' lang='lat' dir='ltr'>auferre?</span> <span class='ocrx_word' id='word_1_200' title='bbox 362 2524 457 2591; x_wconf 78' lang='lat' dir='ltr'>Certe</span> <span class='ocrx_word' id='word_1_201' title='bbox 483 2527 559 2592; x_wconf 92' lang='lat' dir='ltr'>huic</span> <span class='ocrx_word' id='word_1_202' title='bbox 586 2526 712 2592; x_wconf 93' lang='lat' dir='ltr'>homini</span> <span class='ocrx_word' id='word_1_203' title='bbox 734 2547 808 2610; x_wconf 89' lang='lat' dir='ltr'>spes</span> <span class='ocrx_word' id='word_1_204' title='bbox 830 2526 923 2590; x_wconf 91' lang='lat' dir='ltr'>nulla</span> <span class='ocrx_word' id='word_1_205' title='bbox 946 2525 1062 2590; x_wconf 87' lang='lat' dir='ltr'>salutis</span> <span class='ocrx_word' id='word_1_206' title='bbox 1086 2529 1184 2610; x_wconf 88' lang='lat' dir='ltr'>esset,</span> 
     </span>
     <span class='ocr_line' id='line_1_28' title="bbox 171 2613 1183 2700; baseline -0.002 -20"><span class='ocrx_word' id='word_1_207' title='bbox 171 2615 200 2680; x_wconf 92' lang='lat' dir='ltr'>si</span> <span class='ocrx_word' id='word_1_208' title='bbox 230 2615 408 2700; x_wconf 87' lang='lat' dir='ltr'>publicani,</span> <span class='ocrx_word' id='word_1_209' title='bbox 440 2615 502 2680; x_wconf 92' lang='lat' dir='ltr'>hoc</span> <span class='ocrx_word' id='word_1_210' title='bbox 530 2620 580 2680; x_wconf 87' lang='grc'>661</span> <span class='ocrx_word' id='word_1_211' title='bbox 612 2615 640 2679; x_wconf 89' lang='grc'>61</span> <span class='ocrx_word' id='word_1_212' title='bbox 670 2615 794 2699; x_wconf 90' lang='lat' dir='ltr'>equites</span> <span class='ocrx_word' id='word_1_213' title='bbox 822 2613 962 2678; x_wconf 88' lang='lat' dir='ltr'>Romani</span> <span class='ocrx_word' id='word_1_214' title='bbox 988 2614 1183 2698; x_wconf 82' lang='lat' dir='ltr'>iudicarent3</span> 
     </span>
    </p>

    <p class='ocr_par' dir='ltr' id='par_1_4' title="bbox 122 2701 1310 3584">
     <span class='ocr_line' id='line_1_29' title="bbox 122 2701 1183 2788; baseline -0.002 -20"><span class='ocrx_word' id='word_1_215' title='bbox 122 2703 296 2770; x_wconf 78' lang='grc'><strong>1691111161</strong></span> <span class='ocrx_word' id='word_1_216' title='bbox 319 2725 389 2768; x_wconf 88' lang='lat' dir='ltr'>esse</span> <span class='ocrx_word' id='word_1_217' title='bbox 410 2724 504 2788; x_wconf 90' lang='lat' dir='ltr'>nunc,</span> <span class='ocrx_word' id='word_1_218' title='bbox 527 2703 656 2788; x_wconf 89' lang='lat' dir='ltr'>iudices,</span> <span class='ocrx_word' id='word_1_219' title='bbox 679 2703 772 2768; x_wconf 85' lang='lat' dir='ltr'>vobis</span> <span class='ocrx_word' id='word_1_220' title='bbox 796 2702 1052 2787; x_wconf 88' lang='lat' dir='ltr'>disceptantibus</span> <span class='ocrx_word' id='word_1_221' title='bbox 1076 2701 1183 2786; x_wconf 88' lang='lat' dir='ltr'>debet,</span> 
     </span>
     <span class='ocr_line' id='line_1_30' title="bbox 172 2790 1182 2876; baseline -0.004 -18"><span class='ocrx_word' id='word_1_222' title='bbox 172 2797 205 2858; x_wconf 91' lang='grc'>61</span> <span class='ocrx_word' id='word_1_223' title='bbox 231 2796 325 2858; x_wconf 90' lang='lat' dir='ltr'>tanto</span> <span class='ocrx_word' id='word_1_224' title='bbox 353 2792 472 2876; x_wconf 89' lang='lat' dir='ltr'>minor,</span> <span class='ocrx_word' id='word_1_225' title='bbox 500 2795 622 2876; x_wconf 87' lang='lat' dir='ltr'>quanto</span> <span class='ocrx_word' id='word_1_226' title='bbox 651 2795 701 2856; x_wconf 90' lang='lat' dir='ltr'>est</span> <span class='ocrx_word' id='word_1_227' title='bbox 723 2791 892 2856; x_wconf 88' lang='lat' dir='ltr'>honestius</span> <span class='ocrx_word' id='word_1_228' title='bbox 916 2790 1030 2856; x_wconf 88' lang='lat' dir='ltr'>alienis</span> <span class='ocrx_word' id='word_1_229' title='bbox 1052 2790 1182 2855; x_wconf 88' lang='lat' dir='ltr'>iniuriis</span> 
     </span>
     <span class='ocr_line' id='line_1_31' title="bbox 171 2880 1225 2966; baseline -0.009 -20"><span class='ocrx_word' id='word_1_230' title='bbox 171 2904 269 2966; x_wconf 90' lang='lat' dir='ltr'>quam</span> <span class='ocrx_word' id='word_1_231' title='bbox 292 2903 327 2946; x_wconf 93' lang='grc'>16</span> <span class='ocrx_word' id='word_1_232' title='bbox 351 2903 410 2946; x_wconf 86' lang='lat' dir='ltr'>sua</span> <span class='ocrx_word' id='word_1_233' title='bbox 433 2880 637 2946; x_wconf 86' lang='lat' dir='ltr'>commoveri.</span> <span class='ocrx_word' id='word_1_234' title='bbox 1198 2896 1225 2936; x_wconf 83' lang='lat' dir='ltr'>ao</span> 
     </span>
     <span class='ocr_line' id='line_1_32' title="bbox 238 2967 1183 3053; baseline -0.001 -19"><span class='ocrx_word' id='word_1_235' title='bbox 238 2969 321 3045; x_wconf 78' lang='lat' dir='ltr'>Quid</span> <span class='ocrx_word' id='word_1_236' title='bbox 349 2970 496 3035; x_wconf 88' lang='lat' dir='ltr'>adhaec</span> <span class='ocrx_word' id='word_1_237' title='bbox 523 2968 717 3053; x_wconf 88' lang='lat' dir='ltr'>respondere</span> <span class='ocrx_word' id='word_1_238' title='bbox 742 2968 891 3053; x_wconf 84' lang='lat' dir='ltr'>cogitas?</span> <span class='ocrx_word' id='word_1_239' title='bbox 922 2972 1033 3033; x_wconf 89' lang='lat' dir='ltr'>utrum</span> <span class='ocrx_word' id='word_1_240' title='bbox 1055 2967 1183 3033; x_wconf 85' lang='lat' dir='ltr'>facturn</span> 
     </span>
     <span class='ocr_line' id='line_1_33' title="bbox 169 3055 1184 3143; baseline 0 -21"><span class='ocrx_word' id='word_1_241' title='bbox 169 3058 306 3143; x_wconf 90' lang='lat' dir='ltr'>negabis</span> <span class='ocrx_word' id='word_1_242' title='bbox 339 3080 382 3122; x_wconf 89' lang='lat' dir='ltr'>an</span> <span class='ocrx_word' id='word_1_243' title='bbox 409 3056 471 3122; x_wconf 91' lang='lat' dir='ltr'>tibi</span> <span class='ocrx_word' id='word_1_244' title='bbox 498 3057 560 3122; x_wconf 90' lang='lat' dir='ltr'>hoo</span> <span class='ocrx_word' id='word_1_245' title='bbox 587 3056 713 3121; x_wconf 89' lang='lat' dir='ltr'>licitum</span> <span class='ocrx_word' id='word_1_246' title='bbox 739 3077 810 3121; x_wconf 88' lang='lat' dir='ltr'>esse</span> <span class='ocrx_word' id='word_1_247' title='bbox 838 3055 1010 3122; x_wconf 78' lang='lat' dir='ltr'>defendes?</span> <span class='ocrx_word' id='word_1_248' title='bbox 1050 3055 1184 3142; x_wconf 86' lang='lat' dir='ltr'>Negare</span> 
     </span>
     <span class='ocr_line' id='line_1_34' title="bbox 172 3144 1310 3231; baseline -0.001 -21"><span class='ocrx_word' id='word_1_249' title='bbox 172 3146 227 3230; x_wconf 92' lang='lat' dir='ltr'>qui</span> <span class='ocrx_word' id='word_1_250' title='bbox 258 3147 374 3231; x_wconf 80' lang='lat' dir='ltr'>potes?</span> <span class='ocrx_word' id='word_1_251' title='bbox 411 3168 453 3210; x_wconf 90' lang='lat' dir='ltr'>an</span> <span class='ocrx_word' id='word_1_252' title='bbox 468 3151 470 3154; x_wconf 79' lang='grc'><strong>’</strong></span> <span class='ocrx_word' id='word_1_253' title='bbox 484 3149 522 3209; x_wconf 88' lang='grc'>111</span> <span class='ocrx_word' id='word_1_254' title='bbox 552 3148 646 3210; x_wconf 89' lang='lat' dir='ltr'>tanta</span> <span class='ocrx_word' id='word_1_255' title='bbox 673 3144 868 3210; x_wconf 89' lang='lat' dir='ltr'>auctoritate</span> <span class='ocrx_word' id='word_1_256' title='bbox 895 3145 1092 3228; x_wconf 89' lang='lat' dir='ltr'>litterarum,</span> <span class='ocrx_word' id='word_1_257' title='bbox 1129 3149 1185 3210; x_wconf 91' lang='lat' dir='ltr'>tot</span> <span class='ocrx_word' id='word_1_258' title='bbox 1309 3157 1310 3160; x_wconf 76' lang='grc'>’</span> 
     </span>
     <span class='ocr_line' id='line_1_35' title="bbox 170 3232 1183 3319; baseline 0.002 -21"><span class='ocrx_word' id='word_1_259' title='bbox 170 3234 310 3298; x_wconf 88' lang='lat' dir='ltr'>testibus</span> <span class='ocrx_word' id='word_1_260' title='bbox 342 3234 524 3319; x_wconf 90' lang='lat' dir='ltr'>publicanis</span> <span class='ocrx_word' id='word_1_261' title='bbox 557 3233 768 3299; x_wconf 79' lang='lat' dir='ltr'>convincare?</span> <span class='ocrx_word' id='word_1_262' title='bbox 818 3232 962 3298; x_wconf 88' lang='lat' dir='ltr'>Licuisse</span> <span class='ocrx_word' id='word_1_263' title='bbox 993 3255 1070 3298; x_wconf 84' lang='lat' dir='ltr'>vero</span> <span class='ocrx_word' id='word_1_264' title='bbox 1101 3233 1183 3317; x_wconf 78' lang='lat' dir='ltr'>qui?</span> 
     </span>
     <span class='ocr_line' id='line_1_36' title="bbox 172 3319 1226 3407; baseline -0.004 -23"><span class='ocrx_word' id='word_1_265' title='bbox 172 3319 207 3384; x_wconf 86' lang='lat' dir='ltr'>Si</span> <span class='ocrx_word' id='word_1_266' title='bbox 232 3321 340 3386; x_wconf 88' lang='lat' dir='ltr'>hercle</span> <span class='ocrx_word' id='word_1_267' title='bbox 367 3326 401 3386; x_wconf 90' lang='grc'>16</span> <span class='ocrx_word' id='word_1_268' title='bbox 428 3326 519 3386; x_wconf 89' lang='lat' dir='ltr'>tuam</span> <span class='ocrx_word' id='word_1_269' title='bbox 545 3321 715 3407; x_wconf 90' lang='lat' dir='ltr'>pecuniam</span> <span class='ocrx_word' id='word_1_270' title='bbox 741 3325 926 3406; x_wconf 89' lang='lat' dir='ltr'>praetorem</span> <span class='ocrx_word' id='word_1_271' title='bbox 952 3322 988 3386; x_wconf 91' lang='lat' dir='ltr'>in</span> <span class='ocrx_word' id='word_1_272' title='bbox 1014 3320 1184 3405; x_wconf 81' lang='lat' dir='ltr'>provincia</span> <span class='ocrx_word' id='word_1_273' title='bbox 1198 3339 1226 3380; x_wconf 79' lang='grc'>61</span> 
     </span>
     <span class='ocr_line' id='line_1_37' title="bbox 170 3407 1183 3496; baseline 0.004 -26"><span class='ocrx_word' id='word_1_274' title='bbox 170 3407 373 3473; x_wconf 90' lang='lat' dir='ltr'>faeneratum</span> <span class='ocrx_word' id='word_1_275' title='bbox 396 3409 556 3493; x_wconf 87' lang='lat' dir='ltr'>docerem,</span> <span class='ocrx_word' id='word_1_276' title='bbox 583 3415 693 3475; x_wconf 90' lang='lat' dir='ltr'>tamen</span> <span class='ocrx_word' id='word_1_277' title='bbox 717 3410 858 3496; x_wconf 88' lang='lat' dir='ltr'>effugere</span> <span class='ocrx_word' id='word_1_278' title='bbox 880 3432 947 3475; x_wconf 92' lang='lat' dir='ltr'>non</span> <span class='ocrx_word' id='word_1_279' title='bbox 968 3431 1094 3494; x_wconf 84' lang='lat' dir='ltr'>posses3</span> <span class='ocrx_word' id='word_1_280' title='bbox 1123 3410 1183 3474; x_wconf 91' lang='lat' dir='ltr'>sed</span> 
     </span>
     <span class='ocr_line' id='line_1_38' title="bbox 171 3494 1183 3584; baseline 0.006 -28"><span class='ocrx_word' id='word_1_281' title='bbox 171 3494 349 3578; x_wconf 91' lang='lat' dir='ltr'>publicam,</span> <span class='ocrx_word' id='word_1_282' title='bbox 377 3497 432 3559; x_wconf 90' lang='lat' dir='ltr'>sed</span> <span class='ocrx_word' id='word_1_283' title='bbox 460 3497 502 3560; x_wconf 93' lang='lat' dir='ltr'>ob</span> <span class='ocrx_word' id='word_1_284' title='bbox 528 3497 726 3563; x_wconf 83' lang='lat' dir='ltr'>frumentum</span> <span class='ocrx_word' id='word_1_285' title='bbox 751 3498 926 3584; x_wconf 89' lang='lat' dir='ltr'>decretam,</span> <span class='ocrx_word' id='word_1_286' title='bbox 954 3497 1011 3564; x_wconf 87' lang='lat' dir='ltr'>sed</span> <span class='ocrx_word' id='word_1_287' title='bbox 1033 3521 1053 3562; x_wconf 86' lang='lat' dir='ltr'>a</span> <span class='ocrx_word' id='word_1_288' title='bbox 1074 3497 1183 3583; x_wconf 90' lang='lat' dir='ltr'>publi-</span> 
     </span>
    </p>
   </div>
   <div class='ocr_carea' id='block_1_3' title="bbox 0 0 1320 3884">
    <p class='ocr_par' dir='ltr' id='par_1_5' title="bbox 0 0 1320 3884">
     <span class='ocr_line' id='line_1_39' title="bbox 0 0 1320 3884; baseline 0 0"><span class='ocrx_word' id='word_1_289' title='bbox 0 0 1320 3884; x_wconf 95' lang='lat' dir='ltr'> </span> 
     </span>
    </p>
   </div>
  </div>
 </body>
</html>
