2604 3880
187 165 252 230 160
486 160 527 215 IN
544 159 573 217 0.
592 159 747 216 VERREM
764 158 843 216 AOT.
861 158 896 214 11.

133 322 168 372 54
187 307 327 374 artificio·
347 325 517 392 superasse
539 305 697 372 videatur.
732 304 857 390 Pergae
877 304 990 370 fanum
1011 303 1197 389 antiquissi-

185 417 275 461 mum
299 398 332 460 et
355 395 596 460 sanctissimum
618 394 744 460 Dianae
768 394 886 459 scimus
910 414 994 476 esse;
1015 392 1050 457 icl
1069 414 1195 477 quoque

185 507 205 550 a
227 487 261 548 tc
283 483 441 548 nudatum
465 505 502 548 ac
523 483 700 568 spoliatum
722 502 802 566 esse,
825 503 864 546 ex
881 481 954 566 ipsa
971 479 1087 565 Diana,
1110 480 1196 564 quod

184 572 329 637 habebat
352 571 436 654 auri,
460 571 641 636 detractum
665 573 762 653 atque
786 569 932 634 ablatum
955 590 1026 634 esse
1048 568 1128 634 dico.

252 658 349 745 Quae,
367 659 499 742 malum,
517 662 569 723 est
581 658 647 723 ista
659 661 754 723 tanta
771 657 905 722 audacie
923 661 1020 741 atque
1039 657 1225 722 amentials

187 746 274 823 Quas
307 749 393 813 enim
425 747 586 814 sociorum
619 750 716 831 atque
752 745 928 811 amicorum
964 745 1061 810 urbes
1098 745 1198 810 adisti

186 835 362 922 legationis
384 836 454 901 iure
477 838 510 900 et
531 833 672 918 nomine,
694 855 766 899 cum
785 834 819 898 in
838 855 892 898 eas
911 833 944 899 vi
962 855 1035 899 cum
1053 833 1198 898 exercitu

185 924 386 1009 imperioque
412 923 601 1007 invasisses,
624 927 748 1006 tamen,
771 920 899 1006 opinor,
923 943 1005 1005 quae
1028 921 1122 1008 signa
1145 924 1198 986 at-

187 1033 249 1097 que
277 1015 468 1077 ornamenta
491 1033 530 1076 ex
556 1010 597 1075 iis
624 1010 760 1076 urbibus
787 1010 988 1093 sustulisses,
1019 1009 1100 1075 hacc
1128 1031 1201 1075 non

134 1141 176 1206 21
186 1100 222 1165 in
247 1104 339 1166 tuam
366 1101 498 1165 domum
524 1120 628 1184 neque
655 1098 691 1162 in
713 1098 900 1163 suburbana
922 1098 1111 1182 amicorum,
1139 1097 1200 1162 sed
1216 1123 1241 1163 rc

133 1219 168 1269 55
186 1188 326 1253 Romam
357 1188 392 1252 in
423 1186 589 1272 publicum
621 1186 835 1270 deportasses.
885 1184 968 1262 Quid
995 1207 1056 1272 ego
1086 1185 1125 1250 de
1152 1185 1200 1251 M.

186 1275 342 1341 Marcello
365 1276 495 1360 loquar,
520 1275 576 1360 qui
600 1273 785 1359 Syracusas,
807 1275 921 1339 urbem
944 1273 1200 1358 amatissimam,

186 1363 294 1447 cepit?
318 1363 395 1447 quid
417 1362 456 1428 de
478 1361 515 1430 Ia
533 1361 691 1449 Scipione,
713 1362 768 1446 qui
791 1362 914 1427 bellum
936 1363 971 1426 in
988 1361 1070 1428 Asia
1093 1363 1200 1448 gessit

185 1450 461 1535 Antiochumque,
488 1472 598 1537 regem
620 1450 897 1536 potentissimum,
924 1450 1024 1516 vicit?
1057 1450 1199 1534 quidde

184 1537 383 1623 Flaminino,
424 1538 480 1622 qui
519 1559 630 1624 regem
670 1537 859 1624 Philippum
899 1542 933 1603 et
972 1537 1200 1604 Macedoniam
1215 1564 1240 1605 ra

187 1627 339 1712 subegit?
367 1626 444 1712 quid
471 1627 510 1691 dc
536 1625 572 1692 1..
595 1626 712 1710 Paula,
740 1625 796 1710 qui
822 1646 932 1713 regem
955 1625 1076 1692 Persen
1101 1626 1135 1691 vi
1160 1649 1201 1692 ac

185 1714 307 1780 virtute
339 1714 527 1800 superavit?
559 1714 636 1798 quid
663 1714 702 1779 de
730 1713 766 1779 1.
794 1713 965 1797 Mummio,
995 1715 1051 1798 qui
1081 1715 1200 1780 urbem

185 1801 437 1887 pulcherrimam
452 1805 549 1886 atque
563 1801 815 1885 ornatissimam,
830 1801 1032 1888 Corinthum,
1049 1802 1199 1887 plenissi-

185 1913 274 1956 mam
319 1911 428 1956 rerum
473 1891 632 1975 omnium,
678 1889 812 1956 sustulit
851 1891 1011 1975 urbesque
1051 1890 1198 1956 Achaiae

184 1975 403 2064 Boeotiaeque
444 1979 564 2043 multas
601 1979 662 2043 sub
697 1979 871 2063 imperium
906 1979 1019 2064 populi
1053 1977 1197 2044 Romani
1210 2005 1237 2044 rc
1289 2001 1299 2028 ⁴

185 2065 407 2150 dicionemque
434 2066 622 2131 subiunxit?
655 2088 793 2150 quorum
820 2066 934 2133 domus
966 2089 1039 2132 cnm
1070 2066 1196 2132 honore

186 2175 228 2218 ac
256 2153 378 2219 virtute
414 2154 579 2237 florerent,
617 2153 720 2240 signis
753 2157 787 2219 ct
817 2155 939 2220 tabulis
971 2155 1068 2240 pictis
1100 2159 1197 2220 crant

184 2261 317 2324 vacuae,
332 2246 367 2306 at
384 2263 461 2306 vero
475 2241 589 2307 urbem
603 2245 709 2307 totam
722 2242 909 2327 templaque
923 2243 1055 2308 deorum
1069 2264 1196 2308 omnes·
1264 2281 1267 2288 ·

132 2426 167 2478 a
184 2327 1194 2504 ltt..¹³ll.ttl⁰⁸a¹l¹.t¹3{tlttttlttlttt
1208 2442 1233 2483 a

186 2504 320 2589 antiqua
356 2508 389 2570 et
422 2505 488 2570 iam
525 2506 675 2571 obsoleta
705 2505 889 2589 videantur3
924 2506 972 2571 ita
1003 2506 1089 2572 enim
1121 2511 1194 2571 tum

186 2593 400 2676 aequabiliter
432 2614 544 2658 omnes
577 2597 670 2658 erant
701 2592 769 2657 eius
801 2593 901 2677 modi,
937 2597 975 2658 ut
1005 2595 1085 2660 haec
1120 2595 1193 2660 laus

186 2681 321 2745 eximiae
347 2680 479 2746 virtutis
507 2683 541 2744 et
566 2679 769 2745 innocentiae
798 2703 864 2746 non
887 2683 993 2747 solum
1014 2681 1193 2766 hominum,

184 2789 297 2834 verum
320 2768 420 2832 etiam
436 2771 621 2853 temporum
638 2768 771 2833 illorum
790 2790 860 2834 esse
878 2769 1033 2835 videatur.
1068 2769 1103 2835 P.
1122 2767 1193 2835 Scr-

184 2856 296 2940 rilius,
330 2856 381 2920 vir
408 2855 620 2938 clarissimus,
653 2856 802 2921 maximis
830 2857 926 2922 rebus
953 2858 1068 2944 gestis,
1100 2858 1192 2923 adest
1205 2881 1230 2920 so

185 2944 225 3008 de
243 2947 276 3008 te
296 2943 490 3009 sententiam
507 2943 649 3027 laturus3
667 2941 841 3029 Olympum
860 2945 901 3029 vi,
919 2946 1030 3031 copiis,
1048 2946 1192 3030 consilio,

184 3030 305 3096 virtute
347 3031 444 3115 cepit,
485 3031 599 3096 urbem
638 3031 805 3115 antiquam
841 3037 875 3098 et
911 3035 1060 3100 omnibus
1096 3035 1191 3100 rebus

185 3124 314 3184 auctam
337 3123 371 3184 et
394 3122 552 3184 ornatam.
587 3119 711 3186 Recens
735 3121 916 3206 exemplum
940 3120 1113 3187 fortissimi
1130 3121 1192 3188 viri
1296 3189 1297 3211 ,

184 3206 327 3292 profero3
345 3229 422 3273 nam
435 3211 552 3293 postca
566 3205 721 3273 Servilius
735 3208 913 3294 imperator
926 3211 1040 3294 populi
1053 3210 1191 3275 Romani

185 3293 361 3378 Olympum
387 3295 501 3361 urbem
528 3296 672 3361 hostium
700 3297 798 3382 capit,
831 3319 928 3381 quam
955 3302 992 3362 tu
1022 3298 1059 3363 in
1088 3298 1190 3364 isdem
1204 3317 1229 3360 aa

184 3379 253 3445 illis
275 3381 356 3447 locis
379 3384 508 3468 legatus
532 3383 736 3468 quaestorius
759 3385 879 3469 oppida
896 3388 1014 3469 pacata
1032 3387 1192 3452 sociorum
1282 3413 1292 3426 ·

133 3475 166 3526 57
186 3471 284 3549 atque
316 3469 494 3534 amicorum
526 3471 705 3554 diripienda
732 3493 770 3537 ac
796 3473 942 3538 vexanda
969 3474 1097 3539 curasti.
1143 3473 1193 3540 Tu
