2524 3876
370 187 448 249 cnP.
466 195 514 258 as,
534 195 567 244 aa
587 194 602 256 s
623 194 735 244 πει-ει.
1015 188 1058 254 57

63 333 1060 508 ttttdttltf’dqlttlttuttltttt

63 510 162 574 turum
185 510 351 594 pollicitus
379 532 465 596 sum,
494 533 566 576 cum
593 510 692 576 Eruci
720 510 855 576 crimina
884 509 1058 576 diluissem.

121 595 220 682 Nunc,
232 597 340 682 Eruci,
358 599 400 664 ad
412 603 446 664 te
459 600 563 666 venio.
586 597 766 665 Conveniat
783 599 864 664 mihi
882 601 989 664 tecum
1005 573 1113 702 ne2799

39 699 142 750 ‘cesse
153 690 211 770 est,
225 686 254 752 si
266 687 308 753 ad
318 686 404 753 hunc
415 687 609 754 maleficium
620 686 709 752 istud
719 686 869 773 pertinet,
883 690 940 753 aut
952 687 1060 770 ipsum

62 793 115 838 sua
144 796 241 840 manu
272 775 400 859 fecisse,
431 775 465 840 id
498 776 584 860 quod
613 797 730 862 negas,
761 779 819 841 aut
847 796 905 860 per
932 776 1059 860 aliquos

62 859 171 928 liberos
202 867 260 928 eut
288 885 408 930 servos.
453 862 652 930 Liberosne‘?
685 885 766 948 quos
791 884 896 947 neque
923 867 961 928 ut
987 884 1060 929 cou-

61 949 159 1015 venire
176 951 323 1037 potuerit
341 973 446 1036 neque
469 974 534 1036 que
555 953 681 1018 ratione
703 951 854 1016 inducere
876 972 980 1035 neque
1002 951 1060 1016 ubi

61 1057 154 1122 neque
175 1061 233 1123 per
257 1062 340 1124 quos
361 1059 466 1124 neque
489 1062 553 1125 qua
576 1062 633 1126 spe
656 1043 714 1106 aut
736 1061 800 1124 quo
823 1040 943 1125 pretio,
964 1043 1060 1124 potes

31 1142 50 1182 ιο
61 1126 227 1193 ostendere.
263 1127 338 1214 Ego
356 1133 470 1195 contra
490 1128 624 1195 ostendo
642 1150 709 1194 non
727 1128 823 1195 modo
840 1126 924 1194 nihil
947 1149 1060 1192 eorum

61 1212 164 1280 iecisse
185 1213 258 1282 Sex.
278 1215 445 1301 Roscium,
472 1217 530 1282 sed
556 1239 597 1282 ne
623 1216 770 1300 potuisse
793 1214 922 1300 quidem
944 1215 1060 1300 fecere,

61 1302 138 1384 quod
153 1325 258 1389 neque
277 1303 401 1370 Romae
419 1305 532 1370 multis
552 1305 645 1370 annis
663 1304 763 1370 fuerit
780 1325 890 1388 neque
908 1304 946 1369 de
968 1325 1060 1390 prae·

61 1389 114 1454 diis
144 1415 299 1478 umquam
331 1397 452 1458 temere
485 1393 677 1459 discesserit.
721 1392 859 1458 Restare
885 1392 948 1458 tibi
975 1391 1060 1458 vide·

60 1477 147 1544 batur
164 1502 334 1547 servorum
355 1503 484 1566 nomen,
506 1503 570 1567 quo
594 1482 688 1566 quasi
709 1482 745 1547 in
766 1485 898 1566 portum
921 1481 1059 1546 reiectus

29 1570 200 1635 asceteria
218 1569 458 1654 suspicionibus
478 1571 652 1657 confugere
669 1591 797 1655 posses;
814 1569 872 1634 nbi
890 1569 1059 1654 scopulum

60 1655 184 1722 offendis
208 1657 278 1724 eius
301 1657 400 1742 modi,
420 1663 459 1723 ut
481 1680 548 1723 non
570 1658 666 1724 modo
690 1658 731 1723 ab
754 1657 816 1722 hoc
838 1656 961 1722 crimen
982 1657 1059 1720 resi·

59 1742 112 1808 lire
124 1745 244 1830 videas,
256 1767 376 1812 ⁸verum
389 1768 519 1812 omnem
538 1746 754 1832 suspicionem
771 1746 807 1810 in
824 1743 1058 1827 vosmetipsos

58 1832 188 1898 recidere
206 1834 392 1920 intelleges.
432 1834 516 1911 Quid
534 1856 613 1921 ergo
632 1835 705 1899 eat?
728 1855 792 1918 quo
813 1832 946 1898 tandem
969 1853 1058 1896 accu·
1077 1846 1115 1897 eo

59 1922 141 1986 sator
173 1922 288 2008 inopia
324 1927 592 2009 argumentorum
627 1921 796 2008 confugit?
843 1919 938 1987 ‘Eius
970 1920 1059 1984 modi

26 2009 178 2094 ”tempus
204 2009 297 2095 erat’,
320 2011 435 2095 inquit,
458 2011 506 2076 ‘ut
528 2011 676 2077 homines
699 2011 799 2096 vulgo
821 2009 953 2093 impune
977 2008 1059 2074 occi-

58 2093 214 2183 derentur3
228 2121 330 2183 quare
341 2099 404 2165 hoc
414 2104 452 2166 tu
462 2103 598 2185 propter
611 2099 854 2165 multitudinem
869 2095 1059 2162 sicariorum

57 2185 139 2251 nullo
156 2187 293 2274 negotio
310 2187 416 2254 facere
439 2186 596 2272 potuisti?
636 2187 804 2252 interdum
827 2184 908 2250 mihi
930 2183 1059 2269 videris,

56 2268 155 2358 Eruci,
177 2297 244 2340 una
262 2275 408 2341 mercede
427 2276 507 2342 duas
525 2297 578 2340 res
597 2275 728 2360 assequi
745 2275 839 2358 velle,
861 2295 922 2340 nos
940 2273 1058 2340 iudicio

57 2363 255 2447 perfundere,
283 2385 433 2430 accusare
456 2368 566 2430 autem
588 2385 644 2430 eos
667 2364 770 2449 ipsos,
796 2385 815 2427 a
839 2362 955 2446 quibus
978 2383 1060 2426 mer·

26 2448 157 2516 ecdem
179 2452 344 2538 accepisti.
385 2452 470 2529 Quid
492 2452 562 2518 aia?
587 2451 688 2538 vulgo
711 2450 962 2518 occidebantur?
996 2449 1059 2515 Per

58 2557 130 2620 quos
148 2543 181 2604 et
201 2562 223 2605 a
243 2540 383 2625 quibus?
419 2539 537 2606 Nonne
554 2541 681 2626 cogitas
699 2542 733 2604 te
752 2562 772 2604 e
795 2539 973 2604 sectoribus
996 2538 1060 2604 huc

58 2624 222 2693 adductum
241 2629 335 2694 esse?
358 2627 443 2705 Quid
459 2628 597 2714 postea?
629 2627 801 2693 Nescimus
820 2649 879 2711 per
896 2627 962 2692 ista
980 2631 1059 2692 tem·

56 2734 130 2796 pora
142 2716 275 2782 eosdem
286 2716 356 2783 fere
370 2721 510 2782 sectores
529 2716 629 2781 fuisse
647 2716 806 2782 collorum
825 2719 858 2781 et
876 2713 1058 2781 bonorum?

57 2797 83 2864 Ii
108 2802 257 2889 denique,
284 2804 342 2888 qni
364 2808 435 2870 tum
457 2804 577 2870 armati
599 2805 667 2870 diss
689 2809 866 2889 noctesque
889 2823 1058 2869 concursa-
1078 2817 1110 2865 er

24 2886 142 2974 ebone,
164 2893 222 2977 qui
244 2892 370 2958 Romae
392 2897 485 2959 erent
507 2892 642 2976 assidui,
666 2893 723 2977 qui
745 2893 834 2958 omni
856 2896 1002 2976 tempore
1024 2891 1059 2954 in

56 2980 168 3059 praeda
195 2984 229 3045 et
254 2981 292 3046 in
313 2982 471 3067 sanguine
492 2982 722 3066 versabantur,
749 2978 819 3047 Sex.
838 2979 956 3045 Roscio
979 2981 1059 3044 tem·

56 3067 138 3147 poris
172 3069 265 3135 illius
303 3069 515 3135 acerbitatem
550 3068 821 3154 iniquitatemque
854 3066 994 3133 obicient
1026 3071 1059 3131 et

56 3151 141 3221 illem
168 3157 361 3224 sicariorum
388 3157 644 3243 multitudinem,
671 3157 706 3222 in
730 3179 793 3243 qua
816 3156 879 3242 ipsi
903 3155 999 3220 duces
1022 3177 1060 3220 ac

21 3241 971 3401 tltttttttblttltttllllffltltttl
987 3264 1060 3396 5⁰0¹?

55 3421 146 3504 retur,
169 3421 317 3508 nescirit,
333 3385 509 3510 propteiea
529 3423 616 3506 quod
633 3355 877 3505 ruri’adsiduus,
900 3441 996 3505 quem
1007 3352 1060 3485 gad

55 3507 178 3574 modum
201 3514 273 3576 tute
296 3511 460 3577 confiteris
466 3561 475 3596 ,
497 3510 570 3576 fuit.
