2622 3884
336 171 445 227 ιιιι
477 170 552 225 eAP.
571 176 676 226 49-51
695 175 711 238 ι
731 176 878 226 ιιι-ιιι.
1049 171 1114 236 477

104 317 225 383 crimen
242 319 388 382 conetur
415 315 598 397 defendere,
625 315 654 380 is
681 315 730 381 ita
755 315 919 399 defendat,
946 315 1007 382 illa
1029 338 1115 383 com·

104 405 224 488 munia,
248 426 330 489 quae
349 403 390 469 ad
408 425 540 469 eausam
561 403 651 488 nihil⁴
667 403 840 488 pertinent,
863 405 1115 489 praetermittat,

104 516 157 559 me
184 493 298 578 culpae
324 492 492 558 fortunam
519 491 705 578 adsignare,
736 493 959 558 calamitatem
986 493 1116 559 crimini

106 582 195 666 dare,
223 603 274 647 me
298 580 506 647 amissionem
529 581 644 646 classis
668 581 808 666 obicere,
836 603 910 647 cum
932 582 1029 648 multi
1051 582 1116 648 viri

76 670 207 736 efortes
234 670 269 736 in
296 669 459 736 communi
485 669 673 754 incertoque
700 669 844 754 periculo
868 670 948 736 belli
971 675 1005 736 et
1027 676 1115 736 terra

105 762 139 824 et
166 758 250 824 mari
272 779 369 844 saepe
395 757 601 824 offenderint.
639 757 776 823 Nullam
798 757 862 823 tibi
885 759 990 824 obicio
1012 760 1116 826 fortu-

103 869 195 931 nam,
222 847 304 912 nihil
333 850 396 932 est,
423 847 510 931 quod
538 851 719 912 ceterorum
741 867 793 911 res
815 846 923 912 minus
947 850 1115 914 commode

106 939 216 1022 gestas
243 935 405 1022 proferas,
431 935 591 1000 nihiltest
595 934 728 1038 ,quod
741 936 919 1001 multorum
941 935 1115 1039 naufragia

103 1024 256 1089 fortunae
270 1024 415 1109 colligas.
447 1023 520 1110 Ego
534 986 627 1090 navis
640 1024 747 1089 inanis
760 1024 861 1089 fuisse
875 1024 956 1126 dice,
974 1026 1115 1111 remiges

10 1155 13 1160 -
62 1135 92 1176 ιο
105 1117 286 1197 nautasque
311 1113 475 1197 dimissos,
502 1112 647 1198 reliquos
670 1113 828 1198 stirpibus
850 1113 970 1178 vixisse
992 1113 1116 1197 palma·

105 1223 191 1286 rum3
219 1200 399 1286 praefuisse
426 1201 523 1267 classi
550 1200 665 1287 populi
691 1201 832 1266 Romani
859 1199 1018 1287 Siculum,
1044 1223 1115 1287 per·

105 1293 204 1376 petuo
219 1289 315 1356 sociis
329 1293 426 1374 atque
440 1290 552 1356 amicis
567 1287 821 1375 Syracusanum
839 1293 873 1354 te
889 1290 949 1356 illo
968 1293 1115 1376 tempore

104 1379 178 1464 ipso
210 1377 494 1464 superioribusque
526 1378 639 1444 diebus
671 1378 821 1445 omnibus
853 1378 888 1442 in
916 1378 1014 1444 litore
1042 1401 1115 1444 cum

9 1505 14 1510 ·
106 1466 305 1532 mulierculis
337 1471 528 1552 perpotasse
560 1467 645 1551 dico,
680 1467 799 1532 harum
829 1488 938 1532 rerum
970 1467 1115 1532 omnium

64 1575 91 1616 ιι
106 1558 254 1621 auctores
282 1558 447 1639 testesque
473 1554 625 1639 produco.
671 1553 760 1620 Num
786 1554 850 1619 tibi
877 1555 1036 1621 insultare
1062 1555 1098 1620 in
1118 1569 1167 1618 13ι

105 1643 307 1727 calamitate,
333 1664 412 1708 num
434 1641 650 1708 intercludere
673 1642 824 1728 perfugia
845 1642 1010 1727 fortunae,
1036 1666 1116 1709 num

8 1747 9 1752 ’
105 1753 199 1798 casus
218 1731 353 1797 bellicos
372 1731 567 1816 exprobrare
590 1733 648 1796 eut
670 1729 798 1796 obicere
820 1730 954 1796 videor?
982 1731 1116 1796 tametsi

106 1821 214 1886 solent
239 1820 264 1884 ii
289 1819 456 1886 fortunam
484 1818 548 1884 sibi
576 1817 661 1884 obici
686 1818 789 1902 nolle,
821 1818 877 1901 qui
905 1837 940 1883 se
963 1818 1115 1884 fortunae

106 1907 350 1992 commiserunt,
379 1907 435 1993 qui
460 1907 495 1971 in
522 1905 591 1972 eius
617 1905 770 1991 periculis
797 1911 873 1972 sunt
896 1928 934 1972 ac
956 1906 1116 1972 varietate

64 1997 237 2063 reversati.
272 1995 374 2062 Istius
393 1995 523 2080 quidem
541 1994 740 2060 calamitatis
761 1998 837 2058 tuae
859 1993 994 2060 fortuna
1016 1995 1116 2080 parti·

106 2106 181 2168 ceps
199 2106 266 2149 non
283 2085 355 2149 fuit.
391 2083 550 2150 Homines
569 2082 656 2148 enim
673 2081 709 2146 in
730 2081 874 2167 proeliis,
895 2103 962 2148 non
984 2083 1019 2147 in
1041 2105 1114 2150 con·

105 2172 202 2239 viniis
225 2173 305 2238 belli
326 2172 494 2238 fortunam
515 2169 696 2256 periclitari
718 2170 839 2254 solent3
866 2170 901 2236 in
923 2171 984 2236 illa
1006 2175 1115 2237 autem

106 2261 295 2328 calamitate
308 2283 375 2326 non
387 2259 528 2326 Martem
541 2259 642 2324 fuisse
656 2279 870 2342 communem,
888 2259 946 2325 sed
954 2258 1115 2326 Venerem

105 2370 279 2435 possumus
316 2349 429 2414 dicere.
483 2347 606 2423 Quodsi
640 2345 807 2412 fortunam
838 2347 902 2412 tibi
933 2347 1018 2414 obici
1049 2370 1115 2414 non

65 2457 92 2498 ιι
107 2440 250 2523 oportet,
278 2458 335 2502 eur
356 2441 394 2502 tu
414 2436 567 2502 fortunae
588 2436 721 2501 illorum
742 2435 963 2502 innocentium
986 2437 1115 2502 veniam

107 2547 146 2592 ac
173 2525 282 2591 locum
308 2546 375 2591 non
398 2524 536 2590 dedisti?
581 2523 694 2590 Etiam
715 2523 798 2589 illud
819 2524 987 2610 praecidas
1010 2525 1167 2610 licetret

106 2618 154 2698 te,
177 2612 263 2697 quod
286 2611 482 2699 supplicium
504 2634 594 2679 more
617 2612 777 2678 maiorum
800 2613 976 2697 sumpseris
1000 2613 1116 2678 securi·

107 2722 170 2786 que
183 2702 389 2804 percusseris,
406 2701 524 2768 idcirco
539 2723 560 2766 a
572 2723 626 2766 me
639 2701 673 2766 in
687 2701 809 2767 crimen
827 2704 861 2767 et
879 2701 940 2782 [in]
959 2701 1116 2766 invidiam

106 2790 226 2855 vocari.
266 2789 371 2856 Non
361 2813 396 2855 m
418 2790 578 2876 supplicio
601 2790 723 2856 crimen
745 2811 853 2855 meum
876 2787 1116 2871 vertitn13non

67 2899 93 2938 so
108 2899 170 2965 ego
203 2879 307 2945 securi
337 2899 421 2965 nego
454 2901 650 2964 quemquam
679 2877 770 2942 feriri
800 2877 929 2960 debere,
960 2897 1027 2941 nou
1053 2897 1114 2963 ego

106 2971 231 3032 metum
258 2987 296 3031 ex
323 2988 359 3032 re
386 2967 535 3049 militari,
561 2988 628 3032 non
650 2963 890 3031 severitatem
880 2963 1023 3048 imperii,
1049 2986 1116 3030 non

106 3077 246 3158 poenam
273 3054 392 3142 flagitii
417 3055 493 3121 tolli
516 3018 587 3120 dico
602 3056 775 3155 ,oportere3
801 3053 907 3116 fateor
928 3072 996 3117 non
1018 3052 1115 3118 modo

106 3143 142 3208 in
168 3143 287 3227 socios,
315 3142 371 3207 sed
399 3142 534 3207 etiam
525 3164 560 3206 m
582 3141 662 3207 civis
685 3139 870 3224 militesque
892 3143 1023 3205 nostros
1046 3162 1116 3225 per-

108 3252 203 3317 saepe
231 3251 302 3297 esse
329 3251 439 3296 severe
466 3251 504 3295 ac
525 3228 733 3294 vehementer
755 3227 899 3294 vindicat
884 3231 963 3294 t.nm
1008 3227 1162 3304 Quarebl

67 3337 94 3378 ιι
107 3319 187 3385 haee
205 3341 334 3404 quoque
351 3323 446 3403 praet
432 3317 558 3383 termitt
559 3337 595 3382 as
543 3317 703 3382 tlieet
742 3317 816 3403 Ego
839 3317 970 3402 culpam
991 3317 1115 3383 nonin

108 3408 293 3492 nauarchis,
321 3407 377 3473 sed
404 3407 438 3472 in
464 3410 498 3471 te
524 3405 625 3472 fuisse
653 3405 853 3490 demonstro,
880 3409 914 3470 te
938 3405 1044 3490 pretio
1068 3428 1115 3471 re

108 3495 212 3582 miges
231 3497 416 3582 militesque
437 3494 597 3560 dimisisse
621 3515 733 3581 arguo.
770 3493 841 3560 Hoc
863 3493 1020 3560 nauarchi
1041 3495 1115 3560 reli·
