2504 3876
288 211 826 280 mmmmmmm
994 211 1060 279 m

57 381 96 424 ne
123 358 224 425 oeulis
248 357 377 511 quidem
400 356 547 439 eaptus
537 379 572 422 m
594 357 679 422 hano
701 357 849 423 rraudem
871 362 941 424 tem
964 358 1062 461 seele-

58 451 160 512 ratam
188 468 226 512 ae
252 450 321 511 tam
345 443 504 511 nefariam
528 444 673 510 decidist‘
649 450 689 530 t13
715 467 792 512 nam
815 446 848 511 id
871 446 1060 533 concupisti,

59 536 140 620 quod
163 555 341 619 numquam
364 532 506 616 videraS,
531 533 615 617 id,
605 555 752 618 mquam,
775 534 950 618 adamasti,
974 498 1061 620 quod

59 627 151 689 antea
176 645 244 688 non
270 643 457 707 aspexeras3
485 583 616 686 sutilius
639 625 826 687 tutantem
849 586 1060 709 cupiditatem

27 728 44 771 ι
58 711 240 796 concepisti,
257 713 296 776 ut
309 731 381 775 eam
399 731 466 774 non
483 713 598 794 metus,
616 731 683 775 non
700 710 825 797 religio,
842 733 909 777 non
927 712 1060 777 deorum

57 801 113 883 vis,
131 821 197 865 non
210 798 379 864 hominum
397 797 595 863 existimatio
614 798 802 865 contineret.
833 798 881 864 At
898 822 938 864 ex
955 801 1041 866 bono
1063 812 1113 863 102

56 888 140 972 viro,
168 887 276 971 eredo,
299 887 447 951 audieras
471 891 504 952 et
526 887 612 952 bono
636 891 776 952 auctore.
819 886 881 963 Qui
901 887 936 952 id
957 892 1061 972 potes,

57 976 111 1062 qui
124 997 165 1040 ne
184 997 223 1040 ex
240 974 310 1042 viro
330 974 460 1058 quidem
479 974 589 1040 audire
608 974 776 1060 potueris?
808 973 940 1040 Audisti
959 976 1061 1062 igitur

1 1069 2 1136 j
57 1086 95 1129 ex
120 1063 269 1147 muliere,
297 1062 449 1147 quoniam
476 1062 510 1127 id
532 1062 594 1128 viri
615 1084 675 1128 neo
696 1063 816 1128 vidisse
838 1085 942 1148 neque
964 1085 1061 1129 nosse

1 1151 41 1224 fro
55 1155 215 1238 poterant.
252 1150 388 1228 Qualem
407 1172 504 1236 porro
521 1150 615 1216 illam
632 1151 788 1216 feminam
805 1150 906 1217 fuisse
927 1153 1062 1237 putatis,

1 1247 2 1326 ζ
55 1241 188 1325 indices,
216 1261 314 1324 quam
341 1239 504 1324 pudieam,
532 1261 613 1324 quae
641 1262 714 1305 eum
735 1239 837 1304 Verre
865 1241 1061 1325 loqueretur,

1 1339 2 1402 J
56 1350 151 1414 quam
187 1327 390 1414 religiosam,
426 1348 508 1412 quoe
540 1327 675 1393 sacrarii
707 1327 868 1413 spoliandi
899 1328 1061 1394 rationem

1 1413 2 1500 ]
54 1422 106 1483 ost
93 1417 260 1482 tenderet?
315 1414 369 1480 An
405 1415 563 1517 [minime]
596 1416 728 1501 mirum,
765 1438 847 1501 quae
879 1438 971 1483 auore
1002 1439 1061 1501 per

1 1517 2 1524 ’
55 1527 216 1571 summam
252 1503 479 1570 castimoniam
515 1504 659 1570 virorum
696 1525 733 1570 ae
767 1505 938 1570 mulierum
970 1505 1061 1590 liant,

9 1611 39 1651 1⁵
55 1595 166 1658 eadem
193 1614 252 1679 per
278 1592 374 1658 istius
402 1596 552 1677 stuprum
578 1614 615 1657 ao
637 1592 799 1677 flagitium
822 1615 893 1659 esse
914 1593 1017 1659 violat
1019 1595 1060 1659 a?

122 1680 205 1757 Quid
233 1680 333 1767 ergo?
364 1681 428 1747 hoe
456 1681 563 1746 solum
586 1680 750 1746 auditione
774 1685 869 1766 expet
870 1703 922 1746 ere
945 1682 1061 1767 eoepit,
1069 1687 1113 1752 46

1 1842 3 1850 y
54 1791 127 1835 eum
145 1769 207 1833 id
197 1790 268 1855 lpse
289 1790 357 1835 non
379 1768 536 1834 vidisset?
576 1769 681 1834 Immo
703 1791 781 1835 vero
804 1769 870 1834 alia
892 1768 1062 1854 conplura3

1 1863 3 1880 ¹
55 1857 230 1959 exquibus
248 1856 370 1943 eligam
388 1857 618 1942 spoliatronem
639 1856 836 1922 nobilissimi
859 1859 956 1941 atque
981 1861 1062 1922 ιιιιι-

1 1945 204 2030 quissimi
238 1945 321 2030 fani,
358 1945 397 2010 de
429 1967 493 2030 qua
523 1946 633 2030 priore
665 1945 791 2011 aetione
823 1949 924 2010 testes
956 1945 1061 2012 dicere
1128 1959 1130 1964 ’

1 2053 39 2094 20
55 2034 201 2100 audistis.
237 2032 332 2100 Nune
346 2034 458 2099 eadem
472 2034 539 2116 illa,
558 2054 687 2118 quaeso,
706 2033 862 2098 uud1tee
847 2033 1016 2120 tdiligent
1017 2056 1061 2119 er,

1 2143 2 2206 j
54 2123 139 2189 siout
153 2122 257 2188 adhue
273 2121 408 2206 fecistis,
429 2083 596 2186 attendite.
627 2121 945 2206 InsuletestMelita,
963 2122 1113 2187 iudi-10³

1 2217 2 2298 J
53 2233 121 2296 ees,
149 2210 230 2276 setis
258 2211 327 2276 leto
353 2233 373 2276 a
396 2208 508 2275 Sicilia
529 2209 613 2274 mari
635 2210 881 2295 periculosoque
904 2210 1061 2295 diiuncta;

1 2309 2 2386 f
52 2300 88 2365 in
120 2321 185 2383 qua
214 2302 265 2364 est
292 2299 404 2365 eodem
431 2298 562 2364 nomine
590 2297 758 2383 oppidum,
790 2320 854 2383 quo
881 2299 944 2364 iste
970 2318 1061 2364 num·

1 2393 2 2416 ³
54 2409 153 2472 quam
181 2386 330 2470 secessit,
358 2386 443 2471 quod
468 2390 579 2452 tamen
599 2386 658 2450 isti
679 2385 857 2452 textrinum
879 2409 938 2472 per
959 2387 1060 2452 trien-

6 2492 37 2534 ιι
53 2475 146 2540 nium
165 2475 206 2539 ad
225 2474 416 2540 muliebrem
438 2478 563 2540 vestem
585 2475 815 2541 conficiendam
836 2475 909 2541 fuit
944 2474 997 2541 Ab
1021 2498 1059 2542 eo

53 2562 174 2648 oppido
199 2583 266 2628 non
287 2562 422 2649 longe
412 2585 448 2628 m
469 2563 695 2648 promunturio
718 2564 831 2630 fanum
854 2567 905 2629 est
926 2563 1059 2630 Iunonis

53 2651 238 2734 antiquum,
266 2650 352 2735 quod
378 2655 473 2717 tanta
499 2651 657 2738 religione
682 2673 810 2736 semper
831 2651 908 2736 fuit,
934 2655 972 2718 ut
993 2674 1061 2717 non

52 2737 151 2804 modo
169 2738 237 2802 illis
255 2738 385 2804 Punicis
403 2739 509 2824 bellis,
532 2761 614 2824 quae
632 2740 667 2804 in
684 2740 737 2804 his
757 2740 824 2805 fere
847 2701 928 2805 loeis
951 2740 1060 2805 navali

52 2827 149 2912 eopia
176 2830 269 2912 gesta
294 2831 392 2911 atque
414 2830 545 2894 versata
568 2831 656 2913 sunt,
685 2829 741 2894 sed
763 2828 863 2893 etiam
885 2828 947 2893 hae
969 2849 1059 2912 prae

4 2933 36 2976 ιο
53 2915 175 2981 donum
211 2914 323 2980 multit
324 2914 420 2980 udine
457 2937 584 3000 semper
618 2878 809 2981 iriviolatum
848 2919 1059 2999 sanctumque

48 3003 162 3069 fuerit.
199 3002 285 3080 Quin
303 3003 402 3068 etiam
420 3002 483 3068 hoo
501 3004 676 3068 memoriae
694 3004 859 3086 proditum
879 3007 938 3087 est,
956 3003 1060 3068 classe

50 3092 218 3178 quondum
231 3090 425 3156 Masinissae
438 3091 526 3178 regis
541 3092 582 3156 ed
595 3113 668 3156 eum
686 3092 795 3157 looum
813 3090 949 3176 adpulsa
967 3112 1060 3175 prae·

49 3179 174 3246 feetum
188 3178 315 3265 regium
329 3179 406 3244 dent
391 3183 441 3244 tes
459 3179 618 3246 eburneos
636 3179 818 3244 ineredibili
836 3182 963 3265 magnrt
939 3178 1059 3244 tudine

49 3291 69 3333 e
90 3267 168 3334 fano
192 3271 263 3332 sust
248 3267 363 3333 tulisse
387 3271 420 3332 et
443 3289 498 3333 eos
520 3268 556 3333 in
573 3266 719 3332 Africam
742 3270 890 3352 portasse
909 3266 1060 3332 Masinis-

2 3372 34 3417 ιι
50 3373 172 3440 saeque
187 3355 333 3422 donasse.
361 3356 486 3443 Regem
499 3355 604 3441 primo
620 3355 759 3420 delectat
709 3358 815 3420 tatum
830 3377 899 3421 esse
914 3377 1059 3441 munere3

48 3448 138 3547 post,
161 3443 218 3509 ubi
237 3444 389 3529 audisset,
412 3443 496 3510 unde
515 3447 632 3529 essent,
671 3444 767 3509 atim
787 3447 854 3510 oert
856 3466 892 3510 os
840 3443 1058 3511 thomines

48 3533 85 3598 in
119 3531 342 3618 quinqueremi
373 3532 515 3616 misisse,
547 3532 603 3616 qui
635 3553 690 3598 eos
718 3533 828 3599 dentes
856 3537 1058 3620 reponerent.
