2600 3878
391 191 459 249 ΜΒ.
475 194 514 249 lv
540 192 617 250 eAP.
633 201 702 251 e-o
721 201 736 262 5
756 201 851 252 e-n.
1064 196 1128 261 367

117 359 212 404 omne
231 341 413 425 argentum,
435 361 557 422 aurum,
577 338 665 424 ebur,
689 361 835 427 gemmas
854 343 1024 424 coemeret,
1045 341 1130 406 nihil

117 427 268 511 cuiquam
295 427 507 512 relinqueret!
547 425 636 493 Haeo
665 428 752 494 enim
779 429 859 494 mihi
881 429 923 496 ad
946 431 1055 496 omnia
1078 430 1131 496 de·

115 515 220 580 fensio
239 515 387 600 patefieri
408 516 549 602 videtur,
573 516 698 582 emisse.
739 517 899 602 Primum,
922 518 951 584 si
972 519 1019 604 id,
1043 518 1129 604 quod

116 603 180 688 vis,
207 603 270 669 tibi
298 625 359 691 ego
387 604 574 688 concedam,
600 609 638 670 ut
665 605 794 690 emeriS,
822 607 974 691 quoniam
1000 608 1035 672 in
1057 612 1128 673 toto

2 773 3 778 ἵ
90 691 179 758 shoo
212 713 328 779 genere
359 692 422 758 hao
452 715 518 758 una
549 691 734 760 defensione
766 716 882 760 usurus
915 717 963 778 es,
1000 717 1129 780 quaero,

117 781 207 846 ouius
226 781 315 846 modi
332 784 370 846 tu
389 781 509 848 iudicia
531 781 654 847 Romae
677 783 804 868 putaris
828 804 908 866 esse,
930 783 960 848 si
982 784 1045 848 tibi
1066 783 1132 852 hoo

118 891 312 954 quemquam
332 891 559 936 concessurum
582 872 718 957 putasti,
740 875 774 937 te
796 871 831 936 in
853 875 1007 956 praetura
1031 875 1129 957 atque

116 957 253 1042 imperio
285 961 338 1023 tot
368 980 421 1023 res
453 962 523 1024 tam
551 960 728 1045 pretiosas,
759 981 871 1025 omnes
902 959 1038 1043 denique
1067 981 1129 1043 res,

2 1123 6 1140 ἱ
118 1067 201 1130 quae
215 1045 350 1112 alieuius
364 1047 463 1132 pretii
476 1047 607 1132 fuerint,
624 1051 697 1113 tota
711 1069 750 1114 ex
765 1049 933 1133 provincia
960 1054 1124 1124 coemisse.

78 1151 104 1192 1⁰
184 1134 301 1201 Videte
328 1135 489 1201 maiorum
516 1136 733 1223 diligentiam,
762 1137 818 1222 qui
843 1136 1004 1202 nihildum
1030 1107 1169 1233 etiam?

117 1222 212 1288 istius
249 1224 337 1289 modi
373 1224 635 1310 suspicabantur,
670 1247 782 1292 verum
814 1228 926 1290 tamen
959 1247 1010 1311 ea,
1047 1247 1129 1310 quae

117 1311 227 1396 parvis
246 1312 281 1376 in
299 1312 396 1378 rebus
416 1313 558 1379 accidere
576 1317 740 1399 poterant,
759 1313 984 1399 providebant.
1020 1312 1130 1379 Nemi·

2 1396 7 1474 ζ
116 1422 206 1484 nem,
234 1401 290 1486 qui
317 1423 391 1467 oum
413 1405 578 1487 potestate
604 1405 661 1467 aut
684 1403 848 1489 legatione
870 1402 906 1467 in
928 1402 1129 1489 provinciam

118 1493 204 1554 esset
236 1489 415 1574 profectus,
449 1493 518 1567 tam
551 1495 713 1556 amentem
744 1491 814 1557 fore
846 1494 1057 1576 putaverunt,
1092 1495 1130 1556 ut

78 1593 104 1634 1⁵
119 1580 241 1642 emeret
255 1583 427 1665 argentum
442 1577 595 1662 (dabatur
614 1579 700 1644 enim
720 1579 758 1644 de
777 1579 932 1666 publico),
950 1583 987 1645 ut
1004 1583 1130 1645 vestem

2 1695 3 1700 ¹
109 1663 351 1751 <praebebatur
374 1667 460 1732 enim
482 1665 634 1756 legibus),
657 1667 854 1753 mancipium
876 1671 1043 1753 putarunt,
1065 1689 1130 1752 quo

1 1754 10 1794 ἴ
119 1758 154 1819 et
182 1775 294 1820 omnes
321 1755 444 1820 utimur
470 1760 503 1821 et
525 1777 592 1822 non
613 1757 790 1841 praebetur
812 1779 833 1822 a
854 1757 991 1841 populo;
1020 1777 1131 1822 sanxe-

4 1843 11 1919 [
119 1844 205 1927 runt,
227 1865 267 1908 ne
290 1843 362 1927 quis
386 1847 508 1909 emeret
529 1845 594 1909 nisi
617 1844 652 1909 in
675 1844 837 1910 demortui
859 1845 976 1911 locum.
1017 1843 1052 1908 Si
1075 1843 1131 1927 qui

6 1934 10 2018 ξ
78 1979 81 1986 ,
119 1930 243 1996 Romae
263 1936 348 1997 esset
366 1931 576 1999 demortuus?
612 1931 727 2019 Immo,
749 1933 868 2017 siquis
889 1932 1018 1998 ibidem.
1054 1931 1132 1997 Non

2 2083 12 2102 ἵ,
79 2033 106 2076 ²⁰
121 2019 207 2084 enim
222 2022 255 2085 te
273 2021 433 2086 instruere
452 2020 584 2087 domum
603 2024 694 2087 tuam
711 2022 885 2087 voluerunt
903 2021 937 2085 in
955 2020 1132 2106 provincia,

9 2102 12 2120 “
122 2108 178 2174 sed
195 2109 290 2174 illum
308 2131 404 2174 usum
422 2109 607 2194 provinciae
631 2111 790 2195 supplere.
827 2107 915 2184 Quae
938 2109 1001 2176 fuit
1025 2112 1184 2193 oausa,1⁰

122 2218 178 2262 our
204 2200 273 2262 tam
302 2197 476 2285 diligenter
501 2220 562 2263 nos
589 2198 624 2262 in
646 2198 822 2283 provinciis
847 2198 888 2262 ah
912 2197 1130 2283 emptionibus

10 2329 11 2336 κ
120 2286 346 2352 removerent?
381 2286 480 2370 Haeo,
497 2286 628 2370 iudices,
646 2287 733 2371 quod
750 2288 914 2372 putabant
932 2286 1132 2371 ereptionem

122 2394 205 2456 esse,
240 2395 308 2440 non
339 2375 550 2460 emptionem,
582 2397 655 2440 oum
686 2375 848 2440 venditori
880 2395 938 2440 suo
971 2374 1132 2440 arbitratu

5 2471 13 2548 ζ
80 2477 107 2519 2⁵
121 2461 259 2527 vendere
276 2483 343 2528 non
361 2464 481 2528 liceret.
517 2462 557 2528 In
574 2463 760 2548 provinciis,
778 2463 1024 2551 intellegebant,
1048 2463 1076 2528 si
1093 2463 1132 2548 is,

10 2615 13 2638 λ
122 2550 179 2634 qui
198 2555 284 2615 esset
302 2571 375 2616 oum
393 2551 530 2636 imperio
550 2573 587 2617 ao
609 2555 782 2637 potestate,
806 2551 892 2637 quod
914 2552 1000 2638 apud
1025 2573 1132 2636 quem·

122 2660 184 2723 que
204 2643 298 2722 esset,
322 2659 426 2704 emere
445 2641 545 2705 vellet
563 2639 659 2725 idque
678 2640 708 2704 ei
729 2640 850 2726 lioeret,
872 2639 942 2706 fore
964 2640 1023 2725 uti,
1047 2639 1133 2725 quod

2 2735 13 2817 ,β’
122 2727 258 2812 quisque
275 2727 385 2812 vellet,
405 2727 473 2794 sive
493 2733 578 2794 esset
596 2729 711 2794 venale
730 2729 798 2794 sive
816 2751 883 2796 non
901 2733 996 2813 esset,
1019 2727 1133 2813 quanti

2 2824 14 2894 'j
121 2816 236 2899 vellet,
259 2815 409 2882 auferret.

2 2892 14 2995 f}
80 2921 108 2962 ευ
177 2904 284 2973 Dicet
311 2904 442 2989 aliquis:
470 2903 565 2971 ‘Noli
591 2905 656 2972 isto
684 2906 781 2972 modo
806 2926 902 2992 agere
926 2927 998 2970 eum
1021 2901 1133 2988 Verre,

120 2993 191 3058 noli
209 2993 277 3058 eius
299 2992 388 3058 faeta
411 2993 452 3059 ad
475 2993 627 3078 antiquae
650 2992 819 3081 religionis
842 2993 1003 3058 rationem
1026 2991 1133 3076 exqui-

7 3081 14 3162 ’ζ
121 3102 206 3166 rere3
224 3082 370 3166 oonoede,
389 3085 426 3146 ut
439 3081 570 3166 impune
590 3083 713 3166 emerit,
731 3081 828 3147 modo
846 3085 884 3145 ut
902 3080 989 3146 bona
1007 3079 1133 3146 ratione

9 3182 15 3192 ’
120 3170 251 3256 emerit,
273 3170 356 3236 nihil
375 3191 434 3254 pro
457 3172 635 3256 potestate,
657 3170 741 3235 nihil
765 3170 807 3235 ab
829 3169 947 3253 invito,
968 3168 1052 3234 nihil
1074 3190 1133 3253 per

122 3256 295 3324 iniuriam?
337 3256 390 3324 Sio
413 3279 523 3345 agam3
547 3259 576 3324 si
600 3259 677 3344 quid
699 3259 812 3332 venale
834 3256 951 3322 habuit
970 3255 1082 3342 Heius,
1105 3257 1134 3322 si

12 3419 15 3435 ί
80 3361 107 3405 sa
122 3345 165 3430 id,
188 3347 304 3430 quanti
324 3347 529 3432 aestimabat,
551 3347 638 3413 tanti
660 3346 813 3430 vendidit,
836 3345 947 3411 desino
972 3367 1133 3431 quaerere,

123 3455 181 3500 our
212 3435 337 3501 emeris.
383 3435 467 3512 Quid
492 3435 595 3522 igitur
620 3434 715 3501 nobis
743 3434 926 3508 faciendum
951 3434 1024 3501 est?
1055 3456 1134 3500 num

10 3603 13 3612 γ
122 3523 325 3610 argumentis
353 3525 508 3590 utendum
534 3524 570 3589 in
596 3545 632 3590 re
658 3523 726 3589 eius
750 3523 859 3590 modi?
901 3523 1134 3604 Quaerendum,

1153 3402 1185 3530 t
