2604 3880
390 179 466 236 CAP.
482 185 588 235 12-14
605 186 621 247 9
640 186 753 236 83-40.
1038 181 1082 246 93

136 322 182 389 Et
208 345 250 388 ne
276 323 364 389 forte
387 345 438 390 me
461 323 523 390 boc
544 323 669 391 frustra
690 325 874 410 pollicitum
897 346 967 392 esse
988 321 1130 410 pree-13

66 412 172 495 dices,
189 415 237 496 te,
255 415 303 497 te,
326 411 474 498 inquam,
496 411 613 496 Fanni,
637 413 678 478 ab
697 413 763 480 tuis
782 414 947 480 subselliis
965 418 1079 480 contra

65 505 104 566 te
130 503 250 566 testem
277 500 450 568 suscitabo.
496 499 688 568 Criminatio
715 505 774 568 tus
797 525 881 587 quae
905 502 976 568 est?
1016 501 1080 568 Ro·

68 589 175 654 scium
202 611 275 654 cum
297 586 411 655 Flauio
433 609 494 675 pro
518 588 673 656 societate
696 590 860 656 decidisse.
906 590 977 667 Quo
1000 594 1079 655 tem·

30 694 38 735 ⁵
67 676 173 763 pore?
218 675 348 742 Abhinc
379 677 472 742 annis
497 695 553 742 xv.
601 677 756 746 Defensio
788 701 863 744 mec
893 699 976 764 quae
1007 677 1079 754 est?

67 764 226 832 Roscium
253 785 313 850 pro
341 786 400 831 sua
423 768 517 850 purte
540 788 613 831 cum
634 766 748 832 Flavio
771 767 979 852 transegisse.
1019 767 1080 832 Re·

67 853 238 940 promittis
264 857 303 917 tu
331 853 449 919 abhinc
474 852 651 920 triennium
673 854 800 920 Roscio.
841 853 946 930 Quid?
978 855 1081 920 recita

67 941 172 1006 istam
193 941 474 1027 restipulationem
497 941 625 1008 clarius.
664 942 815 1027 Attende,
838 964 968 1028 quaeso,
990 942 1080 1026 Pis03

67 1028 231 1094 Fannium
262 1028 402 1095 invitum
429 1033 463 1094 et
489 1029 552 1096 huc
580 1034 678 1114 atque
704 1030 783 1097 illuc
809 1031 1081 1117 tergiversantem

30 1135 55 1176 ιο
68 1117 296 1184 testimonium
319 1121 433 1184 contra
456 1139 490 1182 se
513 1117 618 1184 dicere
641 1139 732 1205 cogo.
773 1118 857 1195 Quid
879 1119 964 1184 enim
987 1119 1079 1184 resti·

68 1205 198 1293 puletio
217 1206 360 1271 elamat?
392 1223 488 1284 quon
506 1225 528 1270 n
551 1223 681 1272 rncvro
704 1223 917 1290 assemano,
939 1224 1081 1274 rennuis

68 1310 242 1360 nrxmmr
259 1311 345 1358 mnu
364 1309 490 1360 nosc1o
508 1311 557 1360 nu
576 1310 787 1362 securunuu
805 1312 974 1362 sronneo.
1010 1294 1081 1360 Tua

68 1404 135 1449 vox
163 1385 226 1466 est,
253 1380 366 1446 Fanni.
412 1381 497 1458 Quid
523 1386 561 1448 tu
588 1383 715 1448 auferre
736 1388 830 1467 potes
854 1406 875 1449 a
896 1382 1025 1467 Flavio,
1052 1383 1081 1448 si
1098 1393 1132 1444 ss

69 1469 204 1537 Flavius
222 1469 307 1534 nibil
325 1470 444 1535 debet?
469 1469 545 1554 quid
563 1470 617 1536 bic
633 1492 732 1556 porro
752 1493 837 1538 nnnc
858 1471 1081 1557 restipulatur,

30 1557 161 1644 equod
180 1558 247 1623 iam
269 1558 403 1643 pridem
417 1557 488 1643 ipse
510 1559 641 1644 exegit?
665 1558 742 1643 quid
763 1581 841 1627 uero
862 1559 995 1626 Flavius
1018 1560 1080 1624 tibr

69 1647 208 1712 daturus
230 1649 289 1730 est,
313 1646 369 1732 qui
386 1645 506 1712 Roscio
529 1668 633 1732 omne,
656 1647 742 1731 quod
765 1647 884 1731 debuit,
907 1648 1080 1713 dissolvit?

69 1733 139 1801 Our
166 1734 202 1800 in
226 1756 263 1800 re
290 1738 360 1800 tam
385 1737 509 1820 vetere,
539 1734 575 1798 in
601 1735 735 1820 negotio
762 1735 829 1802 iam
856 1735 1017 1819 coniecto,
1045 1735 1081 1800 in

70 1811 230 1888 sicietate
243 1822 404 1888 dissolute
416 1843 503 1888 nova
515 1821 596 1888 baec
613 1822 821 1908 restipulatio
839 1823 1080 1908 interponitur?

69 1911 146 1997 quis
172 1914 223 1976 est
244 1910 341 1976 huius
364 1909 623 1996 restipulationis
647 1911 798 1996 scriptor,
826 1910 922 1976 testis
946 1911 1081 1977 arbiter·

31 2019 55 2058 eo
70 1998 159 2084 que?
199 1998 264 2083 Tu,
295 1997 386 2083 Pis03
413 2002 451 2064 tu
478 1997 565 2064 enim
592 1997 629 2074 Q.
651 1999 805 2065 Roscium
831 2021 892 2084 pro
921 2021 1019 2084 opera
1044 2021 1081 2066 ue

69 2088 196 2171 labore,
219 2086 306 2171 quod
324 2087 475 2172 cognitor
491 2085 618 2171 fuisset,
641 2088 728 2171 quod
745 2086 931 2153 vadimonia
949 2087 1082 2172 obisset,

69 2175 210 2262 rogasti,
231 2178 269 2240 ut
285 2173 411 2276 ldcnnio
430 2175 524 2240 daret
541 2172 597 2239 HS
618 2191 779 2243 commeo
802 2175 864 2242 hec
886 2175 1082 2260 condicione,

70 2263 536 2417 utibilistttftsstl
559 2261 1082 2437 §.littettitsstitti

32 2455 57 2498 2⁵
71 2462 144 2506 cere
171 2439 236 2504 tibi
266 2439 394 2505 videtur
426 2442 537 2523 aperte
564 2438 720 2504 Roscium
749 2461 810 2524 pro
842 2461 877 2505 se
904 2439 1082 2506 decidisse?

72 2530 119 2593 At
149 2527 237 2592 enim
263 2526 404 2592 forsitan
430 2526 493 2592 hoc
518 2526 582 2591 tibi
602 2527 713 2592 ueniat
734 2527 770 2591 in
792 2531 947 2613 mentem,
973 2549 1082 2614 repro
1100 2547 1134 2597 39

71 2615 202 2681 misisse
224 2614 385 2680 Fannium
407 2613 539 2698 Roscio,
568 2613 597 2678 si
623 2615 701 2699 quid
728 2613 884 2681 alllavio
912 2617 1083 2703 exegisset,

72 2705 143 2769 eius
180 2706 309 2788 partem
346 2701 527 2786 dimidiam,
563 2702 618 2768 sed
651 2702 782 2768 omnino
814 2704 959 2790 exegisse
990 2705 1083 2770 nihil.

72 2790 160 2869 Quid
177 2791 272 2856 tum?
302 2789 380 2856 Non
397 2791 519 2855 exitum
537 2790 724 2874 exactionis,
748 2792 804 2856 sed
824 2791 954 2857 initium
975 2813 1083 2876 repro·

33 2895 58 2938 so
71 2879 241 2944 missionis
256 2882 402 2963 spectare
417 2879 522 2944 debes.
554 2877 667 2962 Neque
682 2878 710 2942 si
728 2879 785 2944 ille
798 2878 822 2962 †
835 2880 869 2944 in
890 2902 927 2945 eo
951 2900 1083 2962 sequen·

71 2969 161 3051 dum,
177 2987 255 3051 non,
272 2966 357 3050 quod
374 2966 410 3030 in
428 2988 462 3032 se
480 2966 552 3045 fuit,
569 2966 725 3031 iudicavit
742 2965 896 3032 Roscium
915 2988 1000 3050 sues,
1016 2987 1084 3032 non

72 3055 244 3122 societatis
259 3054 333 3118 lites
347 3054 530 3120 redemisse.
562 3052 643 3129 Quid
660 3055 688 3119 si
702 3055 833 3120 tandem
846 3055 981 3139 planum
998 3053 1083 3120 facio
1132 3069 1134 3076 ’

71 3146 151 3228 post
166 3142 361 3208 decisionem
374 3146 517 3208 veterem
530 3141 636 3225 Rosci,
649 3146 726 3227 post
739 3142 1022 3227 repromissionem
1037 3163 1084 3206 re·

73 3235 205 3297 centem
222 3230 307 3296 banc
323 3230 427 3296 Fanni
444 3228 500 3294 HS
520 3246 665 3298 ccclooo
688 3230 848 3296 Fannium
872 3252 899 3294 a.
914 3229 951 3304 Q.
968 3228 1084 3294 Flavio

34 3335 59 3376 ³⁵
72 3319 222 3404 Panurgi
234 3318 364 3384 nomine
380 3318 576 3384 abstulisse?
599 3323 710 3384 tamen
728 3318 849 3383 diutius
867 3317 1003 3383 illudere
1022 3315 1085 3382 viri

73 3407 195 3492 optimi
218 3407 463 3492 existimationi,
487 3405 524 3482 Q.
541 3405 653 3491 Rosci,
676 3406 830 3472 audebit?
879 3401 882 3406 ’
1096 3463 1137 3527 14

141 3493 246 3560 Paulo
279 3498 355 3560 ante
386 3496 600 3579 quaerebam,
627 3494 661 3558 id
693 3493 779 3578 quod
808 3493 1016 3560 vehementer
1043 3495 1084 3559 ad
1102 3541 1137 3589 40
