2558 3884
198 165 264 229 222
499 160 539 214 IN
557 159 586 215 0.
600 159 757 215 VERREM
774 157 851 214 ΑΟΤ.
870 160 904 214 ll.

102 373 104 378 .
198 305 403 392 quindeciens
431 305 575 391 pecunia.
620 303 741 369 Utrum
768 325 820 367 res
849 303 890 369 ab
918 302 1014 368 initio
1040 303 1088 369 ita
1109 303 1209 370 ducta

199 398 248 476 est
275 417 318 460 an
345 394 386 461 ad
414 397 594 460 extremum
621 393 670 457 ita
695 392 864 478 perducta,
892 413 935 456 an
960 391 1010 457 ita
1032 414 1135 477 parva
1158 396 1209 458 est

197 483 333 569 pecunia
365 503 407 548 an
437 482 466 547 is
500 482 625 563 [homo]
653 479 786 565 Verres,
820 484 860 545 ut
890 479 984 565 baec,
1016 502 1100 564 quae
1128 481 1207 564 dixi,

199 572 303 659 gratis
325 570 415 637 facta
436 570 608 636 videantur
631 570 724 634 esse?

145 676 178 726 aa
264 659 327 725 Hic
357 680 443 726 nune
470 659 509 724 de
536 657 667 725 miseria
694 655 889 741 Siculorum,
920 656 1056 741 iudices,
1088 657 1240 723 audites

197 747 243 816 Et
274 747 445 814 Heraclius
475 747 533 812 ille
565 744 784 830 Syracusanus
816 750 849 811 et
879 744 933 810 hic
965 744 1101 811 Bidinus
1130 744 1206 832 Epi-

199 840 304 903 crates
323 835 450 922 expulsi
468 835 563 901 bonis
582 834 732 900 omnibus
751 835 890 900 Romam
909 838 1082 918 uenerunt3
1105 834 1203 899 sordi-

199 925 276 1009 dati,
297 925 440 990 maxima
457 924 560 989 barba
579 926 612 988 et
632 923 751 1008 capillo
769 923 892 988 Romae
915 922 1083 988 biennium
1104 943 1205 1007 propo

198 1015 343 1097 fuerunt,
376 1013 483 1097 quoad
509 1011 544 1087 L.
567 1009 720 1077 Metellus
751 1011 786 1075 in
812 1010 1014 1096 provinciam
1041 1009 1203 1096 profectus

199 1105 258 1166 est.
307 1100 391 1167 lum
421 1101 479 1166 isti
510 1100 592 1165 bene
624 1100 840 1165 commendati
871 1121 944 1165 cum
974 1097 1110 1164 Metello
1142 1116 1238 1164 unas

197 1189 454 1275 proficiscuntur.
507 1187 661 1254 Metellus
698 1188 796 1252 simul
828 1209 865 1253 ac
898 1187 989 1253 venit
1020 1185 1205 1273 Syracusas,

198 1281 372 1361 utrumque
408 1275 553 1359 rescidit,
587 1281 621 1341 et
655 1275 693 1341 de
724 1275 877 1360 Epicrate
910 1279 943 1340 et
975 1275 1014 1340 de
1046 1274 1204 1342 Heraclio.

198 1365 438 1448 In·utriusque
469 1364 565 1430 bonis
591 1364 674 1429 nihil
702 1368 788 1449 erat,
818 1365 904 1448 quod
930 1363 1061 1429 restitui
1087 1369 1204 1449 posset,

146 1417 189 1545 ἔξ
199 1452 263 1518 nisi
290 1452 319 1517 si
347 1452 424 1537 quid
452 1453 575 1518 moveri
599 1453 671 1518 loco
693 1474 761 1518 non
782 1455 943 1538 potuerat.
987 1451 1124 1518 Fecerat
1145 1453 1203 1518 hoc

136 1605 140 1620 ,
200 1541 330 1628 egregie
356 1541 463 1626 primo
491 1541 633 1606 adventu
654 1540 819 1625 Metellus,
846 1544 885 1606 ut
907 1561 1019 1605 omnes
1041 1540 1138 1606 istius
1160 1541 1234 1605 iau

199 1629 310 1713 iunias,
326 1651 407 1713 quas
422 1629 518 1695 modo
536 1633 657 1714 posset,
674 1629 871 1694 rescinderet
890 1633 922 1693 et
939 1629 1057 1694 inritas
1075 1629 1201 1694 faceret.

165 1717 167 1722 ’
200 1716 292 1794 Quod
310 1717 498 1783 Heraclium
516 1717 647 1782 restitui
663 1717 804 1782 iusserat
823 1739 861 1782 ac
877 1738 945 1782 non
961 1717 1200 1800 restituebatur,

200 1807 346 1890 quisquis
375 1809 445 1872 erat
472 1806 606 1870 eductus
633 1806 765 1871 senator
788 1803 1009 1888 Syracusanus
1036 1806 1079 1870 ab
1104 1805 1202 1870 Hera

199 1895 278 1980 clio,
305 1895 377 1960 duci
404 1895 552 1978 iubebat;
577 1894 689 1978 itaque
715 1893 871 1978 permulti
893 1893 981 1959 ducti
1004 1897 1089 1958 sunt.
1128 1894 1202 1979 Epi·
1260 1873 1261 1925 l

200 1986 305 2048 crates
337 1983 468 2067 quidem
499 1982 652 2048 continuo
682 1985 733 2047 est
758 1982 940 2046 restitutus.
985 1981 1063 2047 Alia
1089 1981 1231 2048 iudician
1259 1985 1260 2047 l

199 2070 357 2156 Lilybaei,
381 2071 446 2136 alia
460 2068 645 2156 Agrigenti,
667 2069 733 2134 alia
750 2069 928 2135 Panhormi
945 2070 1099 2135 restituta
1122 2074 1201 2135 sunt.
1258 2101 1259 2169 q

201 2157 334 2243 Census,
358 2159 414 2242 qui
431 2158 496 2224 isto
514 2161 665 2243 praetore
684 2159 761 2222 suut
777 2158 892 2242 habiti,
914 2179 981 2223 non
1003 2162 1200 2223 servaturum

201 2266 235 2310 se
267 2245 432 2320 Metellus,
453 2247 653 2331 ostenderat,
687 2245 850 2330 decumas,
883 2243 963 2330 qiras
994 2247 1058 2312 iste
1093 2251 1201 2313 contra
1257 2257 1258 2291 l

199 2333 306 2419 legem
334 2333 543 2401 Hieronicam
569 2334 771 2419 vendiderat,
801 2356 872 2400 sese
899 2334 1105 2400 venditurum
1131 2334 1201 2400 Hie
1256 2359 1257 2413 q

114 2459 117 2466 ·
199 2421 312 2486 ronioa
330 2422 403 2508 lege
425 2422 578 2487 edixerat.
615 2421 732 2488 Omnia
755 2426 848 2488 erant
869 2422 996 2487 Metelli
1019 2423 1087 2488 eius
1110 2423 1230 2504 modia
1255 2483 1256 2535 ,

199 2513 237 2574 ut
254 2513 409 2575 nontam
427 2531 519 2576 suam
537 2514 724 2595 praeturam
743 2531 855 2595 gerere
879 2532 976 2595 quam
996 2509 1093 2577 istius
1115 2533 1199 2596 prae

200 2600 308 2663 turam
327 2602 471 2664 retexere
491 2598 664 2665 uideretur.
697 2596 915 2683 Simulatque
935 2620 995 2686 ego
1013 2599 1050 2664 in
1063 2597 1199 2665 Siciliam
1254 2597 1255 2657 l

148 2699 182 2748 64
200 2687 286 2770 veni,
313 2690 459 2752 mutatus
487 2690 546 2752 est.
592 2687 735 2752 Venerat
762 2687 802 2752 ad
830 2708 904 2752 eum
925 2686 985 2752 illo
1008 2687 1107 2754 biduo
1129 2687 1199 2752 Lae
1253 2695 1254 2779 l

199 2775 291 2840 tilius
315 2775 455 2859 quidam,
477 2775 576 2840 homo
599 2796 665 2840 non
688 2775 813 2840 alienus
836 2797 856 2840 a
878 2774 1012 2859 litteris;
1034 2776 1145 2861 itaque
1166 2797 1197 2839 eo

199 2864 262 2929 iste
294 2863 468 2929 tabellario
500 2885 628 2948 semper
660 2885 737 2928 usus
765 2867 824 2928 est.
873 2862 906 2928 Is
937 2864 1096 2948 epistulas
1123 2876 1229 2932 com-³⁰

115 2998 118 3004 -
198 2952 309 3036 plures
331 2954 497 3036 attulerat,
519 2951 555 3017 in
577 2950 628 3016 his
652 2972 750 3016 unam
774 2951 880 3036 domo,
903 2973 985 3036 quae
1008 2956 1118 3018 totum
1139 2974 1198 3018 mu·

199 3043 289 3105 taret
302 3040 476 3105 hominem.
512 3039 658 3125 Repente
672 3040 780 3125 coepit
794 3040 898 3105 dicere
917 3061 951 3104 se
970 3041 1081 3106 omnia
1097 3040 1198 3108 Verris

126 3154 129 3160 ¹
199 3149 297 3193 causa
322 3128 421 3212 velle3
454 3127 518 3193 sibi
545 3149 618 3193 cum
646 3149 684 3193 eo
711 3128 888 3193 amicitiam
916 3129 1199 3214 cognationemque

199 3237 278 3280 esse.
309 3215 515 3282 Mirabantur
530 3237 641 3281 omnes
655 3216 717 3281 hoc
730 3216 761 3280 ei
774 3219 845 3281 tum
860 3216 996 3300 denique
1011 3216 1048 3282 in
1066 3222 1200 3284 mentem

199 3304 334 3386 venisse,
353 3308 568 3388 posteaquam
580 3307 651 3368 tam
666 3304 780 3368 multis
800 3326 873 3369 eum
890 3304 986 3370 factis
1006 3305 1230 3391 decretisque³5

198 3388 389 3472 iugulasset.
428 3390 547 3475 Erant,
570 3391 625 3474 qui
646 3395 802 3476 putarent
820 3392 995 3458 Laetilium
1019 3394 1165 3481 legatum
1185 3416 1202 3458 a

199 3473 302 3538 Verre
320 3477 455 3559 venisse,
474 3477 531 3560 qui
550 3477 700 3564 gratiam,
720 3480 897 3546 amicitiam
915 3482 1202 3568 cognationemque
