2604 3880
172 180 235 244 124
408 177 448 232 IN
467 177 496 232 C.
515 176 671 233 VERREM
689 177 800 233 ACTIO
818 175 943 232 PRIMA.

169 325 320 390 omnibus
342 322 430 388 feeit.
467 319 574 387 Semel
598 321 645 387 ait
668 342 702 386 se
724 322 759 386 in
781 322 851 386 vita
871 319 1088 406 pertimuisse,
1109 325 1183 386 tum

168 434 242 478 eum
264 413 406 496 primum
429 433 449 476 a
470 433 523 474 me
545 432 619 475 reus
642 409 748 475 faetus
772 409 830 494 sit,
854 409 949 495 quod,
971 432 1044 476 oum
1067 431 1084 474 e
1106 432 1182 495 pro·

168 500 275 565 vincia
295 521 407 565 recens
431 503 517 564 esset
539 499 724 582 invidiaque
747 503 781 563 et
802 497 938 562 infamia
960 519 1026 563 non
1050 499 1182 582 recenti,

169 589 226 654 sed
256 592 366 655 vetere
398 609 436 653 ao
468 587 620 652 diuturna
651 587 820 673 flagraret,
851 590 922 651 tum
955 586 996 650 ad
1027 585 1181 652 iudicium

134 677 439 762 ocorrumpendum
475 678 605 760 tempus
641 675 782 740 alienum
819 675 1003 739 offenderet.
1056 674 1209 760 ltaque,s

169 788 242 831 curn
262 787 322 851 ego
342 765 427 829 diem
445 763 627 848 inquirendi
641 763 675 828 in
690 761 833 829 Siciliam
846 763 1056 849 perexiguam
1069 766 1181 848 postu·

169 854 336 936 lavissem,
372 853 496 918 invenit
532 852 608 935 iste,
645 852 701 935 qui
730 851 793 915 sibi
824 852 860 916 in
891 850 1050 916 Achaiam
1081 851 1181 916 biduo

170 943 352 1008 breviorem
376 941 461 1006 diem
483 940 680 1025 postularet,
702 961 768 1004 non
790 943 828 1004 ut
849 939 879 1003 is
900 938 987 1004 idem
1010 940 1182 1005 conficeret
1294 1017 1296 1030 ἱ

170 1031 341 1115 diligentia
367 1033 401 1094 et
427 1028 588 1093 industria
615 1049 687 1113 sua,
715 1025 801 1111 quod
828 1048 889 1114 ego
917 1049 990 1092 meo
1013 1028 1124 1093 labore
1148 1032 1182 1093 et

169 1119 293 1204 vigiliis
317 1120 507 1183 consecutus
531 1137 616 1197 sum3
642 1115 762 1182 etenim
784 1116 841 1180 ille
863 1114 1026 1181 Achaicus
1048 1117 1225 1200 inquisi-1o

170 1211 225 1271 tor
247 1228 287 1270 ne
309 1205 519 1269 Brundisium
541 1205 672 1288 quidem
694 1204 856 1289 pervenit,
881 1226 942 1290 ego
966 1202 1110 1270 Siciliam
1133 1208 1182 1270 to·

170 1299 240 1358 tam
263 1293 500 1378 quinquaginta
523 1292 636 1356 diebus
659 1297 705 1358 sic
729 1293 804 1373 obii,
826 1295 865 1357 ut
885 1293 1030 1358 omnium
1047 1293 1182 1378 populo-

169 1404 242 1446 rum
269 1381 537 1466 privatorumque
564 1381 692 1446 litteras
717 1381 916 1464 iniuriasque
940 1402 1182 1467 cognoscerem

170 1473 208 1534 ut
222 1469 428 1554 perspicuum
442 1469 543 1535 cuivis
558 1491 629 1534 esse
642 1474 755 1555 posset
768 1469 933 1534 hominem
947 1469 988 1534 ab
1002 1470 1067 1535 isto
1086 1491 1181 1554 quac-

170 1558 270 1622 situm
291 1579 381 1641 esse,
409 1580 476 1623 non
503 1558 560 1642 qui
586 1580 677 1622 reum
706 1579 800 1622 suum
828 1557 1014 1639 adduceret,
1041 1558 1098 1622 sed
1125 1558 1222 1643 quire

169 1667 277 1711 meum
300 1650 429 1731 tempus
452 1646 625 1711 obsideret.

131 1715 151 1842 ᾖ
234 1733 330 1800 Nunc
353 1736 451 1800 homo
471 1735 704 1800 audacissimus
728 1737 825 1818 atque
849 1734 1090 1798 amentissimus
1117 1734 1180 1800 hoe

169 1823 303 1908 cogitat.
347 1823 518 1909 Intellegit
544 1845 596 1888 me
618 1823 666 1888 ita
688 1825 839 1907 paratum
864 1824 961 1906 atque
983 1822 1180 1887 instructum

168 1910 203 1975 in
231 1911 385 1976 iudicium
411 1912 534 1994 venire,
562 1915 599 1976 ut
625 1933 692 1976 non
720 1911 816 1975 modo
839 1910 874 1974 in
897 1910 1029 1976 auribus
1052 1911 1180 1995 vestris,

169 1999 274 2064 sedin
288 2000 390 2065 oculis
410 2000 553 2064 omnium
573 2021 632 2063 sua
649 1998 738 2063 furta
757 2002 854 2082 atque
872 1997 1000 2084 flagitia
1018 1999 1179 2064 defixurus
1194 2029 1223 2069 so

169 2088 245 2170 sim,
268 2088 356 2151 videt
375 2092 541 2152 senatores
561 2088 681 2151 multos
701 2107 771 2151 esse
792 2089 893 2150 testes
917 2087 1069 2152 audaciae
1094 2109 1182 2173 suae,

168 2176 257 2239 videt
285 2176 407 2239 multos
435 2175 559 2259 equites
587 2173 768 2259 Romanos,
797 2173 983 2258 frequentes
1010 2180 1180 2259 praeterea

169 2263 254 2327 cives
269 2267 367 2346 atque
383 2263 497 2345 socios,
517 2262 634 2345 quibus
650 2263 721 2345 ipse
739 2263 885 2348 insignes
903 2263 1038 2328 iniurias
1057 2263 1180 2350 feeerit,

167 2350 256 2414 videt
286 2352 386 2414 etiam
415 2354 467 2414 tot
496 2353 565 2414 tam
598 2371 714 2434 graves
743 2352 784 2415 ab
813 2351 1016 2416 amicissimis
1040 2352 1179 2418 eivitati-

167 2438 228 2503 bus
251 2439 433 2523 legationes
456 2459 529 2503 oum
549 2438 689 2522 publicis
713 2439 963 2504 auctoritatibus
982 2442 1179 2507 convenisse.
1194 2467 1222 2510 ss

132 2547 148 2594 s
168 2524 257 2600 Quae
280 2548 353 2590 cum
375 2526 424 2591 ita
447 2527 526 2611 sint,
554 2548 655 2611 usque
679 2548 716 2592 eo
740 2528 778 2591 de
803 2528 952 2593 omnibus
975 2529 1069 2594 bonis
1093 2529 1180 2594 male

167 2613 342 2698 existimat,
365 2636 467 2698 usque
485 2636 523 2680 eo
543 2617 706 2680 senatoria
720 2615 838 2681 iudicia
850 2617 978 2701 perdita
991 2617 1180 2704 profligata·

167 2724 229 2786 que
252 2723 323 2768 esse
346 2703 538 2787 arbitratur,
566 2707 603 2768 ut
625 2704 687 2769 hoc
710 2706 820 2788 palam
849 2705 989 2788 dictitet,
1015 2727 1082 2770 non
1110 2705 1179 2771 sine

167 2813 265 2856 causa
288 2813 322 2856 se
345 2791 497 2876 cupidum
515 2791 668 2876 pecuniae
686 2792 796 2876 fuisse,
819 2793 972 2877 quoniam
989 2793 1025 2857 in
1042 2795 1180 2879 pecunia

166 2884 295 2945 tantum
317 2880 515 2965 praesidium
538 2880 723 2965 experiatur
745 2903 829 2966 esse3
855 2903 933 2966 sese,
956 2881 989 2946 id
1012 2882 1098 2967 quod
1121 2882 1180 2946 dif-
1193 2909 1220 2949 eo

165 2968 348 3033 ficillimum
382 2968 496 3052 luerit,
528 2972 655 3053 tempus
687 2969 796 3053 ipsum
828 2971 945 3035 emisse
976 2970 1087 3036 iudicii
1120 2973 1179 3055 sui,

166 3077 229 3139 quo
254 3061 361 3122 cetera
383 3056 511 3122 facilius
535 3078 640 3122 emere
663 3062 778 3142 postea
801 3063 926 3144 posset3
951 3063 1001 3143 ut,
1025 3059 1179 3144 quoniam

166 3145 337 3210 criminum
360 3145 427 3210 vim
451 3146 675 3230 subterfugere
697 3147 789 3211 nullo
813 3147 909 3213 modo
933 3151 1076 3233 poterat,
1105 3170 1179 3234 pro·

7 3183 9 3299 l
130 3233 283 3301 scellam
299 3234 457 3318 temporis
477 3233 643 3298 devitaret.
681 3233 802 3309 Quodsi
820 3257 886 3300 uon
904 3237 1000 3302 modo
1018 3237 1053 3301 in
1071 3257 1179 3320 causa,

165 3341 278 3384 verum
300 3320 336 3385 in
358 3322 468 3405 aliquo
491 3321 629 3386 honesto
652 3322 813 3404 praesidio
833 3324 942 3387 autin
961 3325 1096 3390 alicuius
1116 3325 1179 3390 elo·
1193 3350 1218 3391 as

166 3407 298 3488 quentia
321 3413 379 3473 aut
402 3408 511 3493 gratia
534 3430 623 3490 spem
645 3408 789 3492 aliquam
808 3412 1009 3495 collocasset,
1032 3413 1178 3498 profecto

164 3514 231 3556 non
253 3494 334 3559 haee
358 3495 466 3559 omnia
489 3495 660 3580 colligeret
679 3499 776 3579 atque
795 3503 1019 3584 aucuparetur,
1041 3523 1109 3566 non
1125 3523 1178 3566 us-
