2590 3884
178 170 242 235 100
423 165 462 220 IN
482 165 946 232 Q.OAE01L1UMDIV1NAT10.

176 317 252 382 agat.
288 309 412 364 Huiusce
434 308 511 363 modi
528 308 768 378 propositionibus
787 307 884 364 Gioero
901 309 1065 380 designatus
1082 309 1178 364 aedilis

175 383 220 437 his
243 380 382 452 capitibus
404 379 567 449 respondet:
591 382 782 434 accusatorem
803 395 869 434 eum
891 396 952 434 esse
972 383 1106 462 oportere,
1127 380 1180 448 qui

175 451 280 507 invitus
306 451 416 521 cogitur
439 449 585 520 religionis
609 450 714 517 officio,
736 452 854 520 rogatus
872 451 908 504 ab
927 453 1054 507 ommbus
1072 451 1178 518 Siculis,

127 521 129 524 ⁵
175 523 356 661 strecs
369 521 1180 660 atterastsstrtrastsmsttts

176 663 226 732 qui
237 635 292 717 hod
309 662 379 717 facit
395 634 554 717 imitationis
572 661 718 717 maiorum.
750 661 858 717 Divisio
876 662 1054 734 principalis,
1071 679 1124 718 una
1141 635 1178 718 dd

177 750 207 788 se
225 733 301 804 ipso,
320 733 463 788 alterode
481 733 660 787 contentione
679 733 724 786 sui
741 734 771 787 et
788 731 913 789 Caecilii.

247 803 424 860 Divinatio
439 803 541 858 dicitur
554 805 624 857 haec
638 802 736 871 oratio,
753 803 820 872 quia
832 820 889 858 nou
902 804 937 858 de
950 803 1027 860 facto
1040 805 1181 874 quaeritur

177 875 258 944 (haee
276 875 459 944 coniectura),
482 874 532 928 sed
549 874 583 928 de
601 873 709 941 futuro,
732 890 804 942 quae
823 875 868 928 est
885 874 1034 943 divinatio,
1055 878 1114 930 uter
1131 877 1179 930 de-

176 946 244 1001 beat
256 962 394 1001 accusare.
421 943 479 999 Alii
492 944 556 999 ideo
569 945 671 1013 putant
685 944 888 1000 divinationem
901 945 965 1014 dici,
980 947 1055 1014 quod
1067 945 1182 1001 iniurati

176 1016 283 1072 iudices
305 1016 336 1071 in
357 1017 412 1070 hac
435 1031 520 1069 causa
542 1015 658 1069 sedeant
678 1017 719 1084 et,
743 1016 819 1084 quod
836 1015 937 1083 velint,
959 1017 1128 1086 praesentire
1145 1017 1182 1072 do

176 1091 294 1156 utroque
315 1086 438 1158 possint,
466 1085 528 1152 alii,
556 1085 632 1154 quod
655 1102 700 1140 res
723 1087 825 1156 agatur
848 1085 908 1140 sine
929 1087 1050 1141 testibus
1072 1091 1100 1142 et
1121 1087 1181 1143 sine

176 1157 281 1212 tabulis
308 1159 338 1212 et
363 1157 408 1210 his
434 1155 550 1210 remotis
578 1159 745 1226 argumenta
769 1157 831 1210 sola
853 1159 1005 1225 sequantur
1026 1157 1130 1213 iudices
1153 1161 1184 1213 et

177 1228 258 1297 quasi
276 1227 410 1283 divinent.

248 1298 351 1368 Agitur
365 1299 460 1351 autem
473 1313 559 1351 causa
572 1297 720 1351 senatoriis
737 1296 849 1352 iudiciis
867 1297 899 1351 in
915 1297 1024 1354 invidia
1042 1300 1116 1370 apud
1131 1317 1182 1370 po·

175 1368 275 1439 pulum
297 1367 457 1421 constitutis
479 1368 514 1421 de
537 1367 715 1436 corruptione
734 1367 888 1422 multorum
905 1369 1014 1424 vexatis
1033 1370 1182 1440 provinciis

176 1437 305 1493 omnibus
333 1454 366 1492 ac
391 1437 474 1491 sociis
496 1437 595 1507 populi
617 1437 738 1493 Romani
759 1438 841 1493 fessis
862 1440 924 1494 toto
948 1440 1016 1494 orbe
1037 1443 1182 1509 terrarum,

175 1507 385 1563 accusatoribus
394 1507 634 1576 praevaricatione
648 1508 808 1578 infamibus,
821 1509 969 1578 flagitante
982 1511 1067 1581 plebe
1080 1511 1183 1567 iudicia

175 1579 312 1647 equestris
335 1579 452 1647 ordinis,
478 1595 549 1647 quae
571 1579 630 1633 fere
649 1581 715 1633 ante
734 1596 822 1633 annos
841 1579 867 1632 X
885 1580 976 1636 victor
994 1581 1075 1636 Sulla
1092 1585 1182 1638 sustu·

175 1649 260 1718 leret,
283 1651 470 1719 cognoscente
493 1649 527 1703 de
544 1649 670 1719 pecuniis
687 1649 850 1720 repetundis
868 1649 914 1705 M’.
935 1649 1087 1707 Glabrione
1103 1671 1183 1723 prae·

175 1721 236 1774 tore
263 1722 293 1774 et
320 1719 500 1788 amplissimis
527 1720 683 1788 quibusque
709 1719 843 1775 senatorii
866 1721 970 1776 ordinis
994 1722 1183 1779 iudicantibus

175 1807 286 1846 summa
304 1790 499 1860 expectatione
517 1794 690 1844 cunctorum.

246 1861 339 1916 Genus
363 1877 464 1916 causae
487 1862 648 1930 honestum,
673 1863 764 1916 status
787 1862 910 1930 qualitas
933 1864 1087 1934 negotialis
1110 1883 1183 1920 com·

174 1932 305 2002 parativa
318 1933 352 1986 de
367 1931 562 1986 constituendo
577 1933 748 2001 accusatore,
767 1932 815 2000 qui
828 1933 1007 2002 potissimum
1020 1935 1056 1990 de
1075 1937 1184 1992 duobus

175 2005 225 2056 aut
248 2004 296 2071 qui
317 2002 392 2056 solus
411 2004 535 2069 accuset3
560 2001 630 2056 dicit
647 2003 723 2058 euim
741 2003 878 2058 Caecilius
897 2005 948 2058 aut
966 2021 984 2058 a
1002 2022 1032 2060 se
1052 2023 1183 2063 amusan·

175 2073 242 2126 dum
261 2089 322 2128 esse
336 2071 453 2128 Verrem
471 2075 522 2126 aut
539 2089 558 2126 a
576 2089 606 2128 se
624 2089 741 2142 quoque.

137 2228 155 2354 ξ
242 2248 277 2315 si
301 2251 372 2334 quis
396 2256 554 2336 vestrum,
581 2253 715 2336 iudices,
743 2256 800 2316 aut
823 2275 948 2337 eorum,
976 2255 1033 2338 qui
1057 2256 1184 2340 adsunt,

174 2339 259 2403 forte
280 2340 419 2404 miratur
442 2363 506 2424 me,
530 2341 586 2424 qui
608 2343 659 2404 tot
682 2362 783 2405 annos
807 2341 843 2405 in
864 2342 970 2407 causis
993 2343 1184 2430 iudiciisque

174 2426 314 2510 publicis
338 2427 387 2492 ita
410 2428 472 2492 sim
495 2432 656 2513 versatus,
683 2432 721 2491 ut
744 2428 942 2495 defenderim
965 2431 1098 2516 multos,
1120 2433 1185 2500 lae

175 2514 274 2578 serim
308 2515 485 2599 nemiuem,
521 2516 629 2581 subito
663 2538 748 2581 nuno
780 2521 908 2584 mutata
939 2519 1111 2586 voluntate
1144 2523 1186 2587 ad

174 2601 390 2666 accusandum
413 2602 616 2686 descendere,
638 2603 667 2668 is
690 2605 805 2670 simei
828 2606 956 2671 consilii
979 2629 1112 2673 causam
1133 2632 1209 2678 ras

173 2689 360 2774 tionemque
379 2693 577 2776 cognoverit,
599 2714 665 2757 uua
682 2695 716 2756 et
737 2692 779 2778 id,
804 2695 890 2779 quod
911 2695 1005 2779 facie,
1028 2697 1186 2780 probabit

175 2781 209 2842 et
226 2778 261 2842 in
278 2778 341 2843 bac
359 2800 456 2843 causa
474 2779 620 2863 profecto
639 2782 801 2845 nemiuem
819 2784 1084 2868 praeponendum
1102 2787 1186 2852 mihi
1272 2803 1273 2850 ι

175 2888 247 2931 esse
271 2869 414 2931 actorem
437 2867 576 2952 putabit.
1272 2851 1273 2926 i

139 2965 155 3014 a
241 2952 324 3020 Oum
352 2958 505 3039 quaestor
532 2956 567 3020 in
594 2954 705 3022 Sicilia
730 2957 878 3041 fuissem,
909 2959 1043 3044 iudices,
1072 2963 1186 3048 itaque
1272 2943 1273 2998 i

22 3067 23 3074 ι
175 3064 213 3107 ex
241 3064 279 3107 ea
305 3043 473 3127 provincia
501 3044 723 3130 decessissem,
750 3049 788 3110 ut
815 3043 932 3112 Siculis
960 3049 1112 3116 omnibus
1136 3052 1186 3119 iu·
1199 3078 1220 3118 ιι

175 3130 312 3196 cundum
331 3131 581 3216 diuturnamque
598 3133 790 3199 memoriam
812 3138 1005 3219 quaesturae
1027 3140 1186 3206 nominis·

175 3239 236 3300 que
264 3218 329 3282 mei
355 3219 584 3304 relinquerem,
611 3221 734 3287 facturn
762 3225 824 3307 est,
852 3224 902 3287 uti
925 3246 997 3290 cum
1021 3247 1187 3293 summum

174 3305 209 3368 in
236 3307 400 3372 veteribus
427 3309 575 3392 patronis
599 3310 725 3394 multis,
752 3315 823 3376 tum
845 3333 911 3377 non
933 3313 1060 3378 nullum
1085 3316 1188 3384 etiam

174 3392 209 3454 in
227 3414 278 3457 me
297 3395 494 3477 praesidium
514 3397 580 3462 suis
603 3398 744 3463 fortunis
767 3401 982 3468 constitutum
1006 3425 1077 3469 esse
1101 3405 1188 3472 arbi·

174 3480 348 3545 trurentur.
394 3483 456 3558 Qui
480 3506 565 3550 nune
588 3487 737 3571 populati
760 3491 858 3573 atque
881 3491 989 3557 vexati
1013 3495 1122 3560 cuncti
1145 3495 1221 3562 ado
