<?xml version="1.0" encoding="UTF-8"?>
<!DOCTYPE html PUBLIC "-//W3C//DTD XHTML 1.0 Transitional//EN"
    "http://www.w3.org/TR/xhtml1/DTD/xhtml1-transitional.dtd">
<html xmlns="http://www.w3.org/1999/xhtml" xml:lang="en" lang="en">
 <head>
  <title>
</title>
<meta http-equiv="Content-Type" content="text/html;charset=utf-8" />
  <meta name='ocr-system' content='tesseract 3.04.00' />
  <meta name='ocr-capabilities' content='ocr_page ocr_carea ocr_par ocr_line ocrx_word'/>
</head>
<body>
  <div class='ocr_page' id='page_1' title='image "./scriptaquaemans01mullgoog_0185.png"; bbox 0 0 2524 3876; ppageno 0'>
   <div class='ocr_carea' id='block_1_1' title="bbox 179 217 1014 283">
    <p class='ocr_par' dir='ltr' id='par_1_1' title="bbox 179 217 1014 283">
     <span class='ocr_line' id='line_1_1' title="bbox 179 217 1014 283; baseline 0 -11"><span class='ocrx_word' id='word_1_1' title='bbox 179 219 224 283; x_wconf 78' lang='lat'><strong>70</strong></span> <span class='ocrx_word' id='word_1_2' title='bbox 343 217 415 274; x_wconf 87' lang='lat' dir='ltr'><strong>PRO</strong></span> <span class='ocrx_word' id='word_1_3' title='bbox 434 218 511 274; x_wconf 67' lang='lat' dir='ltr'><strong>SEX„</strong></span> <span class='ocrx_word' id='word_1_4' title='bbox 530 217 661 274; x_wconf 85' lang='lat' dir='ltr'><strong>ROSCIO</strong></span> <span class='ocrx_word' id='word_1_5' title='bbox 680 217 848 274; x_wconf 71' lang='lat' dir='ltr'><strong>murro</strong></span> <span class='ocrx_word' id='word_1_6' title='bbox 867 217 1014 273; x_wconf 83' lang='lat' dir='ltr'><strong>ORATIO.</strong></span> 
     </span>
    </p>
   </div>
   <div class='ocr_carea' id='block_1_2' title="bbox 177 363 1210 805">
    <p class='ocr_par' dir='ltr' id='par_1_2' title="bbox 177 363 1210 805">
     <span class='ocr_line' id='line_1_2' title="bbox 177 363 1184 448; baseline -0.001 -19"><span class='ocrx_word' id='word_1_7' title='bbox 177 385 264 441; x_wconf 78' lang='lat' dir='ltr'><strong>num,</strong></span> <span class='ocrx_word' id='word_1_8' title='bbox 291 385 366 430; x_wconf 89' lang='lat' dir='ltr'><strong>cum</strong></span> <span class='ocrx_word' id='word_1_9' title='bbox 392 363 432 429; x_wconf 87' lang='lat' dir='ltr'><strong>de</strong></span> <span class='ocrx_word' id='word_1_10' title='bbox 459 364 523 430; x_wconf 86' lang='lat' dir='ltr'><strong>hoo</strong></span> <span class='ocrx_word' id='word_1_11' title='bbox 545 366 727 448; x_wconf 83' lang='lat' dir='ltr'><strong>quaeritur3</strong></span> <span class='ocrx_word' id='word_1_12' title='bbox 752 385 811 430; x_wconf 82' lang='lat' dir='ltr'><strong>vos</strong></span> <span class='ocrx_word' id='word_1_13' title='bbox 835 364 921 429; x_wconf 87' lang='lat' dir='ltr'><strong>enim</strong></span> <span class='ocrx_word' id='word_1_14' title='bbox 945 363 1094 429; x_wconf 89' lang='lat' dir='ltr'><strong>dominos</strong></span> <span class='ocrx_word' id='word_1_15' title='bbox 1120 384 1184 428; x_wconf 86' lang='lat' dir='ltr'><strong>esse</strong></span> 
     </span>
     <span class='ocr_line' id='line_1_3' title="bbox 179 450 1186 540; baseline -0.001 -23"><span class='ocrx_word' id='word_1_16' title='bbox 179 452 295 517; x_wconf 89' lang='lat' dir='ltr'><strong>dicitis.</strong></span> <span class='ocrx_word' id='word_1_17' title='bbox 314 489 357 499; x_wconf 93' lang='lat'><em>-</em></span> <span class='ocrx_word' id='word_1_18' title='bbox 376 450 460 518; x_wconf 84' lang='lat' dir='ltr'><strong>Cum</strong></span> <span class='ocrx_word' id='word_1_19' title='bbox 475 451 689 540; x_wconf 79' lang='lat' dir='ltr'><strong>Chrysogono</strong></span> <span class='ocrx_word' id='word_1_20' title='bbox 708 457 792 518; x_wconf 90' lang='lat' dir='ltr'><strong>sunt.</strong></span> <span class='ocrx_word' id='word_1_21' title='bbox 813 453 926 518; x_wconf 90' lang='lat' dir='ltr'><strong>—Ita</strong></span> <span class='ocrx_word' id='word_1_22' title='bbox 943 453 1053 537; x_wconf 84' lang='lat' dir='ltr'><strong>eredo3</strong></span> <span class='ocrx_word' id='word_1_23' title='bbox 1072 452 1186 518; x_wconf 83' lang='lat' dir='ltr'><strong>littoris</strong></span> 
     </span>
     <span class='ocr_line' id='line_1_4' title="bbox 179 541 1188 629; baseline 0 -24"><span class='ocrx_word' id='word_1_24' title='bbox 179 561 291 605; x_wconf 90' lang='lat' dir='ltr'><strong>corum</strong></span> <span class='ocrx_word' id='word_1_25' title='bbox 319 545 353 606; x_wconf 87' lang='lat' dir='ltr'><strong>at</strong></span> <span class='ocrx_word' id='word_1_26' title='bbox 385 541 573 606; x_wconf 76' lang='lat' dir='ltr'><strong>urbanitate</strong></span> <span class='ocrx_word' id='word_1_27' title='bbox 600 541 833 629; x_wconf 76' lang='lat' dir='ltr'><strong>Chrysogonus</strong></span> <span class='ocrx_word' id='word_1_28' title='bbox 864 541 1007 625; x_wconf 78' lang='lat' dir='ltr'><strong>ducitur,</strong></span> <span class='ocrx_word' id='word_1_29' title='bbox 1037 545 1077 606; x_wconf 92' lang='lat' dir='ltr'><strong>ut</strong></span> <span class='ocrx_word' id='word_1_30' title='bbox 1106 541 1188 605; x_wconf 87' lang='lat' dir='ltr'><strong>iuter</strong></span> 
     </span>
     <span class='ocr_line' id='line_1_5' title="bbox 179 629 1189 716; baseline 0.001 -23"><span class='ocrx_word' id='word_1_31' title='bbox 179 650 256 694; x_wconf 89' lang='lat' dir='ltr'><strong>suos</strong></span> <span class='ocrx_word' id='word_1_32' title='bbox 279 629 424 694; x_wconf 90' lang='lat' dir='ltr'><strong>omnium</strong></span> <span class='ocrx_word' id='word_1_33' title='bbox 447 630 635 694; x_wconf 90' lang='lat' dir='ltr'><strong>deliciarum</strong></span> <span class='ocrx_word' id='word_1_34' title='bbox 658 635 756 714; x_wconf 90' lang='lat' dir='ltr'><strong>atque</strong></span> <span class='ocrx_word' id='word_1_35' title='bbox 775 629 920 695; x_wconf 92' lang='lat' dir='ltr'><strong>omnium</strong></span> <span class='ocrx_word' id='word_1_36' title='bbox 940 629 1060 694; x_wconf 89' lang='lat' dir='ltr'><strong>artium</strong></span> <span class='ocrx_word' id='word_1_37' title='bbox 1079 651 1189 716; x_wconf 87' lang='lat' dir='ltr'><strong>pueru-</strong></span> 
     </span>
     <span class='ocr_line' id='line_1_6' title="bbox 179 716 1210 805; baseline 0.001 -24"><span class='ocrx_word' id='word_1_38' title='bbox 179 716 231 782; x_wconf 91' lang='lat' dir='ltr'><strong>los</strong></span> <span class='ocrx_word' id='word_1_39' title='bbox 254 739 293 782; x_wconf 86' lang='lat' dir='ltr'><strong>ex</strong></span> <span class='ocrx_word' id='word_1_40' title='bbox 315 722 368 782; x_wconf 93' lang='lat' dir='ltr'><strong>tot</strong></span> <span class='ocrx_word' id='word_1_41' title='bbox 390 718 643 805; x_wconf 79' lang='lat' dir='ltr'><strong>elegantissimis</strong></span> <span class='ocrx_word' id='word_1_42' title='bbox 665 719 801 783; x_wconf 83' lang='lat' dir='ltr'><strong>familiis</strong></span> <span class='ocrx_word' id='word_1_43' title='bbox 822 719 927 783; x_wconf 89' lang='lat' dir='ltr'><strong>lectos</strong></span> <span class='ocrx_word' id='word_1_44' title='bbox 944 718 1027 783; x_wconf 79' lang='lat' dir='ltr'><strong>velit</strong></span> <span class='ocrx_word' id='word_1_45' title='bbox 1044 718 1106 784; x_wconf 91' lang='lat' dir='ltr'><strong>hos</strong></span> <span class='ocrx_word' id='word_1_46' title='bbox 1126 740 1210 783; x_wconf 76' lang='lat' dir='ltr'><strong>vera</strong></span> 
     </span>
    </p>
   </div>
   <div class='ocr_carea' id='block_1_3' title="bbox 117 805 1245 3633">
    <p class='ocr_par' dir='ltr' id='par_1_3' title="bbox 117 805 1245 3633">
     <span class='ocr_line' id='line_1_7' title="bbox 181 805 1191 892; baseline 0 -22"><span class='ocrx_word' id='word_1_47' title='bbox 181 806 262 890; x_wconf 86' lang='lat' dir='ltr'><strong>sari,</strong></span> <span class='ocrx_word' id='word_1_48' title='bbox 283 806 432 872; x_wconf 89' lang='lat' dir='ltr'><strong>homines</strong></span> <span class='ocrx_word' id='word_1_49' title='bbox 454 828 558 892; x_wconf 87' lang='lat' dir='ltr'><strong>paene</strong></span> <span class='ocrx_word' id='word_1_50' title='bbox 581 807 757 892; x_wconf 86' lang='lat' dir='ltr'><strong>operarios,</strong></span> <span class='ocrx_word' id='word_1_51' title='bbox 780 829 819 872; x_wconf 87' lang='lat' dir='ltr'><strong>ex</strong></span> <span class='ocrx_word' id='word_1_52' title='bbox 840 805 998 871; x_wconf 78' lang='lat' dir='ltr'><strong>Amerina</strong></span> <span class='ocrx_word' id='word_1_53' title='bbox 1022 806 1191 892; x_wconf 79' lang='lat' dir='ltr'><strong>disciplina</strong></span> 
     </span>
     <span class='ocr_line' id='line_1_8' title="bbox 128 893 1191 980; baseline -0.001 -20"><span class='ocrx_word' id='word_1_54' title='bbox 128 895 303 980; x_wconf 77' lang='lat' dir='ltr'><strong>121patris</strong></span> <span class='ocrx_word' id='word_1_55' title='bbox 331 896 477 960; x_wconf 83' lang='lat' dir='ltr'><strong>familiae</strong></span> <span class='ocrx_word' id='word_1_56' title='bbox 503 895 670 960; x_wconf 88' lang='lat' dir='ltr'><strong>rusticani.</strong></span> <span class='ocrx_word' id='word_1_57' title='bbox 714 893 791 960; x_wconf 89' lang='lat' dir='ltr'><strong>Non</strong></span> <span class='ocrx_word' id='word_1_58' title='bbox 816 895 866 960; x_wconf 86' lang='lat' dir='ltr'><strong>ita</strong></span> <span class='ocrx_word' id='word_1_59' title='bbox 887 898 938 960; x_wconf 88' lang='lat' dir='ltr'><strong>est</strong></span> <span class='ocrx_word' id='word_1_60' title='bbox 960 894 1123 980; x_wconf 86' lang='lat' dir='ltr'><strong>profecto,</strong></span> <span class='ocrx_word' id='word_1_61' title='bbox 1149 894 1191 959; x_wconf 90' lang='lat' dir='ltr'><strong>iu·</strong></span> 
     </span>
     <span class='ocr_line' id='line_1_9' title="bbox 180 981 1192 1069; baseline 0 -21"><span class='ocrx_word' id='word_1_62' title='bbox 180 983 280 1069; x_wconf 81' lang='lat' dir='ltr'><strong>dices3</strong></span> <span class='ocrx_word' id='word_1_63' title='bbox 310 1006 378 1049; x_wconf 92' lang='lat' dir='ltr'><strong>non</strong></span> <span class='ocrx_word' id='word_1_64' title='bbox 408 987 460 1049; x_wconf 89' lang='lat' dir='ltr'><strong>est</strong></span> <span class='ocrx_word' id='word_1_65' title='bbox 489 984 559 1051; x_wconf 81' lang='lat' dir='ltr'><strong>veri</strong></span> <span class='ocrx_word' id='word_1_66' title='bbox 590 984 710 1067; x_wconf 90' lang='lat' dir='ltr'><strong>simile,</strong></span> <span class='ocrx_word' id='word_1_67' title='bbox 739 987 778 1048; x_wconf 93' lang='lat' dir='ltr'><strong>ut</strong></span> <span class='ocrx_word' id='word_1_68' title='bbox 809 981 1042 1069; x_wconf 77' lang='lat' dir='ltr'><strong>Chrysogonus</strong></span> <span class='ocrx_word' id='word_1_69' title='bbox 1078 983 1192 1048; x_wconf 88' lang='lat' dir='ltr'><strong>horum</strong></span> 
     </span>
     <span class='ocr_line' id='line_1_10' title="bbox 180 1071 1192 1157; baseline -0.001 -20"><span class='ocrx_word' id='word_1_70' title='bbox 180 1073 309 1138; x_wconf 86' lang='lat' dir='ltr'><strong>litteras</strong></span> <span class='ocrx_word' id='word_1_71' title='bbox 329 1072 490 1138; x_wconf 86' lang='lat' dir='ltr'><strong>adamarit</strong></span> <span class='ocrx_word' id='word_1_72' title='bbox 507 1076 566 1137; x_wconf 92' lang='lat' dir='ltr'><strong>aut</strong></span> <span class='ocrx_word' id='word_1_73' title='bbox 582 1072 831 1157; x_wconf 88' lang='lat' dir='ltr'><strong>humanitatem,</strong></span> <span class='ocrx_word' id='word_1_74' title='bbox 848 1093 916 1137; x_wconf 92' lang='lat' dir='ltr'><strong>non</strong></span> <span class='ocrx_word' id='word_1_75' title='bbox 933 1075 972 1136; x_wconf 90' lang='lat' dir='ltr'><strong>ut</strong></span> <span class='ocrx_word' id='word_1_76' title='bbox 989 1071 1038 1136; x_wconf 89' lang='lat' dir='ltr'><strong>rei</strong></span> <span class='ocrx_word' id='word_1_77' title='bbox 1056 1071 1192 1137; x_wconf 86' lang='lat' dir='ltr'><strong>familia-</strong></span> 
     </span>
     <span class='ocr_line' id='line_1_11' title="bbox 179 1159 1224 1248; baseline -0.004 -22"><span class='ocrx_word' id='word_1_78' title='bbox 179 1161 226 1225; x_wconf 90' lang='lat' dir='ltr'><strong>ris</strong></span> <span class='ocrx_word' id='word_1_79' title='bbox 248 1162 381 1247; x_wconf 87' lang='lat' dir='ltr'><strong>negotio</strong></span> <span class='ocrx_word' id='word_1_80' title='bbox 405 1161 609 1248; x_wconf 89' lang='lat' dir='ltr'><strong>diligentiam</strong></span> <span class='ocrx_word' id='word_1_81' title='bbox 632 1161 782 1247; x_wconf 83' lang='lat' dir='ltr'><strong>cognorit</strong></span> <span class='ocrx_word' id='word_1_82' title='bbox 804 1181 916 1225; x_wconf 88' lang='lat' dir='ltr'><strong>corum</strong></span> <span class='ocrx_word' id='word_1_83' title='bbox 939 1163 973 1224; x_wconf 89' lang='lat' dir='ltr'><strong>et</strong></span> <span class='ocrx_word' id='word_1_84' title='bbox 994 1159 1103 1224; x_wconf 85' lang='lat' dir='ltr'><strong>fidem</strong></span> <span class='ocrx_word' id='word_1_85' title='bbox 1133 1159 1193 1224; x_wconf 84' lang='lat' dir='ltr'><strong>Est</strong></span> <span class='ocrx_word' id='word_1_86' title='bbox 1205 1183 1224 1221; x_wconf 84' lang='lat' dir='ltr'><strong>n</strong></span> 
     </span>
     <span class='ocr_line' id='line_1_12' title="bbox 181 1248 1192 1334; baseline -0.002 -20"><span class='ocrx_word' id='word_1_87' title='bbox 181 1249 348 1334; x_wconf 79' lang='lat' dir='ltr'><strong>quiddam,</strong></span> <span class='ocrx_word' id='word_1_88' title='bbox 379 1249 466 1332; x_wconf 89' lang='lat' dir='ltr'><strong>quod</strong></span> <span class='ocrx_word' id='word_1_89' title='bbox 498 1250 694 1332; x_wconf 77' lang='lat' dir='ltr'><strong>occultatur,</strong></span> <span class='ocrx_word' id='word_1_90' title='bbox 730 1248 817 1333; x_wconf 91' lang='lat' dir='ltr'><strong>quod</strong></span> <span class='ocrx_word' id='word_1_91' title='bbox 846 1271 910 1333; x_wconf 89' lang='lat' dir='ltr'><strong>quo</strong></span> <span class='ocrx_word' id='word_1_92' title='bbox 942 1248 1123 1314; x_wconf 85' lang='lat' dir='ltr'><strong>studiosius</strong></span> <span class='ocrx_word' id='word_1_93' title='bbox 1154 1248 1192 1312; x_wconf 89' lang='lat' dir='ltr'><strong>ab</strong></span> 
     </span>
     <span class='ocr_line' id='line_1_13' title="bbox 198 1336 1194 1422; baseline -0.002 -21"><span class='ocrx_word' id='word_1_94' title='bbox 198 1336 272 1401; x_wconf 86' lang='lat' dir='ltr'><strong>istis</strong></span> <span class='ocrx_word' id='word_1_95' title='bbox 296 1337 492 1422; x_wconf 84' lang='lat' dir='ltr'><strong>opprimitur</strong></span> <span class='ocrx_word' id='word_1_96' title='bbox 514 1341 548 1403; x_wconf 90' lang='lat' dir='ltr'><strong>et</strong></span> <span class='ocrx_word' id='word_1_97' title='bbox 570 1336 793 1421; x_wconf 77' lang='lat' dir='ltr'><strong>absconditur,</strong></span> <span class='ocrx_word' id='word_1_98' title='bbox 821 1359 859 1402; x_wconf 87' lang='lat' dir='ltr'><strong>eo</strong></span> <span class='ocrx_word' id='word_1_99' title='bbox 882 1337 989 1422; x_wconf 88' lang='lat' dir='ltr'><strong>magis</strong></span> <span class='ocrx_word' id='word_1_100' title='bbox 1018 1337 1141 1402; x_wconf 87' lang='lat' dir='ltr'><strong>eminet</strong></span> <span class='ocrx_word' id='word_1_101' title='bbox 1164 1340 1194 1400; x_wconf 90' lang='lat' dir='ltr'><strong>et</strong></span> 
     </span>
     <span class='ocr_line' id='line_1_14' title="bbox 127 1408 1193 1535; baseline 0 -46"><span class='ocrx_word' id='word_1_102' title='bbox 127 1408 180 1535; x_wconf 38' lang='lat'><strong>§22</strong></span> <span class='ocrx_word' id='word_1_103' title='bbox 199 1429 344 1510; x_wconf 90' lang='lat' dir='ltr'><strong>apparet.</strong></span> <span class='ocrx_word' id='word_1_104' title='bbox 390 1424 475 1501; x_wconf 89' lang='lat' dir='ltr'><strong>Quid</strong></span> <span class='ocrx_word' id='word_1_105' title='bbox 496 1426 620 1512; x_wconf 81' lang='lat' dir='ltr'><strong>igitur?</strong></span> <span class='ocrx_word' id='word_1_106' title='bbox 665 1424 899 1513; x_wconf 82' lang='lat' dir='ltr'><strong>Chrysogonus</strong></span> <span class='ocrx_word' id='word_1_107' title='bbox 923 1425 1016 1490; x_wconf 87' lang='lat' dir='ltr'><strong>suine</strong></span> <span class='ocrx_word' id='word_1_108' title='bbox 1042 1425 1193 1490; x_wconf 88' lang='lat' dir='ltr'><strong>maleficii</strong></span> 
     </span>
     <span class='ocr_line' id='line_1_15' title="bbox 199 1512 1193 1599; baseline -0.002 -20"><span class='ocrx_word' id='word_1_109' title='bbox 199 1512 383 1579; x_wconf 89' lang='lat' dir='ltr'><strong>occultandi</strong></span> <span class='ocrx_word' id='word_1_110' title='bbox 406 1536 504 1580; x_wconf 89' lang='lat' dir='ltr'><strong>causa</strong></span> <span class='ocrx_word' id='word_1_111' title='bbox 522 1514 746 1599; x_wconf 86' lang='lat' dir='ltr'><strong>quaestionem</strong></span> <span class='ocrx_word' id='word_1_112' title='bbox 764 1513 803 1579; x_wconf 93' lang='lat' dir='ltr'><strong>de</strong></span> <span class='ocrx_word' id='word_1_113' title='bbox 821 1513 862 1578; x_wconf 92' lang='lat' dir='ltr'><strong>iis</strong></span> <span class='ocrx_word' id='word_1_114' title='bbox 880 1513 996 1578; x_wconf 89' lang='lat' dir='ltr'><strong>haberi</strong></span> <span class='ocrx_word' id='word_1_115' title='bbox 1015 1535 1085 1578; x_wconf 91' lang='lat' dir='ltr'><strong>non</strong></span> <span class='ocrx_word' id='word_1_116' title='bbox 1102 1514 1193 1578; x_wconf 81' lang='lat' dir='ltr'><strong>vult?</strong></span> 
     </span>
     <span class='ocr_line' id='line_1_16' title="bbox 178 1600 1223 1687; baseline -0.002 -21"><span class='ocrx_word' id='word_1_117' title='bbox 178 1600 328 1686; x_wconf 86' lang='lat' dir='ltr'><strong>Minime,</strong></span> <span class='ocrx_word' id='word_1_118' title='bbox 354 1601 490 1687; x_wconf 82' lang='lat' dir='ltr'><strong>iudices3</strong></span> <span class='ocrx_word' id='word_1_119' title='bbox 515 1625 582 1669; x_wconf 91' lang='lat' dir='ltr'><strong>non</strong></span> <span class='ocrx_word' id='word_1_120' title='bbox 608 1603 642 1666; x_wconf 88' lang='lat' dir='ltr'><strong>in</strong></span> <span class='ocrx_word' id='word_1_121' title='bbox 669 1624 781 1667; x_wconf 91' lang='lat' dir='ltr'><strong>omnes</strong></span> <span class='ocrx_word' id='word_1_122' title='bbox 813 1602 955 1667; x_wconf 84' lang='lat' dir='ltr'><strong>arbitror</strong></span> <span class='ocrx_word' id='word_1_123' title='bbox 984 1602 1096 1667; x_wconf 89' lang='lat' dir='ltr'><strong>omnia</strong></span> <span class='ocrx_word' id='word_1_124' title='bbox 1124 1624 1192 1667; x_wconf 91' lang='lat' dir='ltr'><strong>con·</strong></span> <span class='ocrx_word' id='word_1_125' title='bbox 1206 1625 1223 1663; x_wconf 81' lang='lat' dir='ltr'><strong>u</strong></span> 
     </span>
     <span class='ocr_line' id='line_1_17' title="bbox 178 1689 1193 1777; baseline -0.002 -21"><span class='ocrx_word' id='word_1_126' title='bbox 178 1689 299 1756; x_wconf 80' lang='lat' dir='ltr'><strong>venire.</strong></span> <span class='ocrx_word' id='word_1_127' title='bbox 334 1689 408 1777; x_wconf 79' lang='lat' dir='ltr'><strong>Ego</strong></span> <span class='ocrx_word' id='word_1_128' title='bbox 426 1691 462 1755; x_wconf 91' lang='lat' dir='ltr'><strong>in</strong></span> <span class='ocrx_word' id='word_1_129' title='bbox 475 1689 702 1777; x_wconf 85' lang='lat' dir='ltr'><strong>Chrysogono,</strong></span> <span class='ocrx_word' id='word_1_130' title='bbox 725 1691 812 1774; x_wconf 92' lang='lat' dir='ltr'><strong>quod</strong></span> <span class='ocrx_word' id='word_1_131' title='bbox 831 1690 872 1755; x_wconf 88' lang='lat' dir='ltr'><strong>ad</strong></span> <span class='ocrx_word' id='word_1_132' title='bbox 889 1712 941 1754; x_wconf 89' lang='lat' dir='ltr'><strong>me</strong></span> <span class='ocrx_word' id='word_1_133' title='bbox 960 1689 1091 1770; x_wconf 90' lang='lat' dir='ltr'><strong>attinet,</strong></span> <span class='ocrx_word' id='word_1_134' title='bbox 1112 1691 1193 1754; x_wconf 92' lang='lat' dir='ltr'><strong>nihil</strong></span> 
     </span>
     <span class='ocr_line' id='line_1_18' title="bbox 117 1778 1193 1864; baseline -0.002 -20"><span class='ocrx_word' id='word_1_135' title='bbox 117 1819 120 1826; x_wconf 70' lang='lat'><strong>,</strong></span> <span class='ocrx_word' id='word_1_136' title='bbox 179 1779 249 1845; x_wconf 89' lang='lat' dir='ltr'><strong>eius</strong></span> <span class='ocrx_word' id='word_1_137' title='bbox 272 1779 361 1845; x_wconf 93' lang='lat' dir='ltr'><strong>modi</strong></span> <span class='ocrx_word' id='word_1_138' title='bbox 383 1779 542 1864; x_wconf 82' lang='lat' dir='ltr'><strong>suspic0r3</strong></span> <span class='ocrx_word' id='word_1_139' title='bbox 572 1801 677 1863; x_wconf 87' lang='lat' dir='ltr'><strong>neque</strong></span> <span class='ocrx_word' id='word_1_140' title='bbox 698 1779 761 1844; x_wconf 92' lang='lat' dir='ltr'><strong>hoe</strong></span> <span class='ocrx_word' id='word_1_141' title='bbox 783 1778 865 1844; x_wconf 88' lang='lat' dir='ltr'><strong>mihi</strong></span> <span class='ocrx_word' id='word_1_142' title='bbox 886 1800 973 1844; x_wconf 89' lang='lat' dir='ltr'><strong>nunc</strong></span> <span class='ocrx_word' id='word_1_143' title='bbox 995 1779 1140 1862; x_wconf 89' lang='lat' dir='ltr'><strong>primum</strong></span> <span class='ocrx_word' id='word_1_144' title='bbox 1162 1779 1193 1842; x_wconf 93' lang='lat' dir='ltr'><strong>iu</strong></span> 
     </span>
     <span class='ocr_line' id='line_1_19' title="bbox 180 1866 1192 1940; baseline -0.003 -7"><span class='ocrx_word' id='word_1_145' title='bbox 180 1871 323 1933; x_wconf 88' lang='lat' dir='ltr'><strong>mentem</strong></span> <span class='ocrx_word' id='word_1_146' title='bbox 353 1867 443 1933; x_wconf 84' lang='lat' dir='ltr'><strong>venit</strong></span> <span class='ocrx_word' id='word_1_147' title='bbox 466 1867 579 1932; x_wconf 88' lang='lat' dir='ltr'><strong>dicere.</strong></span> <span class='ocrx_word' id='word_1_148' title='bbox 623 1866 820 1932; x_wconf 85' lang='lat' dir='ltr'><strong>Meministis</strong></span> <span class='ocrx_word' id='word_1_149' title='bbox 842 1889 894 1932; x_wconf 89' lang='lat' dir='ltr'><strong>me</strong></span> <span class='ocrx_word' id='word_1_150' title='bbox 916 1867 965 1932; x_wconf 91' lang='lat' dir='ltr'><strong>ita</strong></span> <span class='ocrx_word' id='word_1_151' title='bbox 988 1866 1192 1940; x_wconf 83' lang='lat' dir='ltr'><strong>distribuisse</strong></span> 
     </span>
     <span class='ocr_line' id='line_1_20' title="bbox 179 1955 1194 2041; baseline -0.003 -19"><span class='ocrx_word' id='word_1_152' title='bbox 179 1957 274 2022; x_wconf 91' lang='lat' dir='ltr'><strong>initio</strong></span> <span class='ocrx_word' id='word_1_153' title='bbox 295 1978 440 2022; x_wconf 89' lang='lat' dir='ltr'><strong>causam:</strong></span> <span class='ocrx_word' id='word_1_154' title='bbox 462 1957 498 2021; x_wconf 91' lang='lat' dir='ltr'><strong>in</strong></span> <span class='ocrx_word' id='word_1_155' title='bbox 515 1955 647 2040; x_wconf 84' lang='lat' dir='ltr'><strong>crimen,</strong></span> <span class='ocrx_word' id='word_1_156' title='bbox 666 1955 756 2020; x_wconf 88' lang='lat' dir='ltr'><strong>cuius</strong></span> <span class='ocrx_word' id='word_1_157' title='bbox 774 1959 846 2021; x_wconf 86' lang='lat' dir='ltr'><strong>tota</strong></span> <span class='ocrx_word' id='word_1_158' title='bbox 864 1955 1108 2041; x_wconf 81' lang='lat' dir='ltr'><strong>argumentatio</strong></span> <span class='ocrx_word' id='word_1_159' title='bbox 1126 1977 1194 2041; x_wconf 88' lang='lat' dir='ltr'><strong>per·</strong></span> 
     </span>
     <span class='ocr_line' id='line_1_21' title="bbox 178 2043 1224 2130; baseline -0.004 -20"><span class='ocrx_word' id='word_1_160' title='bbox 178 2045 279 2110; x_wconf 88' lang='lat' dir='ltr'><strong>missa</strong></span> <span class='ocrx_word' id='word_1_161' title='bbox 295 2043 415 2110; x_wconf 78' lang='lat' dir='ltr'><strong>Erucio</strong></span> <span class='ocrx_word' id='word_1_162' title='bbox 438 2048 498 2130; x_wconf 87' lang='lat' dir='ltr'><strong>ast,</strong></span> <span class='ocrx_word' id='word_1_163' title='bbox 520 2048 553 2109; x_wconf 92' lang='lat' dir='ltr'><strong>et</strong></span> <span class='ocrx_word' id='word_1_164' title='bbox 574 2045 610 2109; x_wconf 93' lang='lat' dir='ltr'><strong>in</strong></span> <span class='ocrx_word' id='word_1_165' title='bbox 630 2044 806 2128; x_wconf 88' lang='lat' dir='ltr'><strong>audaciam,</strong></span> <span class='ocrx_word' id='word_1_166' title='bbox 829 2043 919 2109; x_wconf 90' lang='lat' dir='ltr'><strong>cuius</strong></span> <span class='ocrx_word' id='word_1_167' title='bbox 936 2047 1048 2129; x_wconf 89' lang='lat' dir='ltr'><strong>partes</strong></span> <span class='ocrx_word' id='word_1_168' title='bbox 1066 2043 1191 2110; x_wconf 88' lang='lat' dir='ltr'><strong>Rosciis</strong></span> <span class='ocrx_word' id='word_1_169' title='bbox 1203 2067 1224 2106; x_wconf 81' lang='lat' dir='ltr'><strong>a</strong></span> 
     </span>
     <span class='ocr_line' id='line_1_22' title="bbox 177 2131 1191 2218; baseline -0.002 -21"><span class='ocrx_word' id='word_1_170' title='bbox 177 2133 352 2218; x_wconf 89' lang='lat' dir='ltr'><strong>impositae</strong></span> <span class='ocrx_word' id='word_1_171' title='bbox 388 2137 472 2198; x_wconf 87' lang='lat' dir='ltr'><strong>sunt.</strong></span> <span class='ocrx_word' id='word_1_172' title='bbox 522 2131 680 2216; x_wconf 86' lang='lat' dir='ltr'><strong>Quicquid</strong></span> <span class='ocrx_word' id='word_1_173' title='bbox 711 2132 876 2214; x_wconf 88' lang='lat' dir='ltr'><strong>maleficii,</strong></span> <span class='ocrx_word' id='word_1_174' title='bbox 909 2132 1055 2216; x_wconf 81' lang='lat' dir='ltr'><strong>sceleris,</strong></span> <span class='ocrx_word' id='word_1_175' title='bbox 1088 2131 1191 2198; x_wconf 79' lang='lat' dir='ltr'><strong>caedis</strong></span> 
     </span>
     <span class='ocr_line' id='line_1_23' title="bbox 179 2219 1192 2307; baseline 0 -21"><span class='ocrx_word' id='word_1_176' title='bbox 179 2221 256 2304; x_wconf 88' lang='lat' dir='ltr'><strong>crit,</strong></span> <span class='ocrx_word' id='word_1_177' title='bbox 283 2222 454 2307; x_wconf 87' lang='lat' dir='ltr'><strong>proprium</strong></span> <span class='ocrx_word' id='word_1_178' title='bbox 479 2222 513 2287; x_wconf 93' lang='lat' dir='ltr'><strong>id</strong></span> <span class='ocrx_word' id='word_1_179' title='bbox 540 2220 732 2286; x_wconf 85' lang='lat' dir='ltr'><strong>Rosciorum</strong></span> <span class='ocrx_word' id='word_1_180' title='bbox 760 2242 831 2286; x_wconf 89' lang='lat' dir='ltr'><strong>esse</strong></span> <span class='ocrx_word' id='word_1_181' title='bbox 859 2220 998 2285; x_wconf 88' lang='lat' dir='ltr'><strong>debebit.</strong></span> <span class='ocrx_word' id='word_1_182' title='bbox 1048 2219 1192 2286; x_wconf 88' lang='lat' dir='ltr'><strong>Nimiam</strong></span> 
     </span>
     <span class='ocr_line' id='line_1_24' title="bbox 179 2307 1191 2395; baseline 0 -23"><span class='ocrx_word' id='word_1_183' title='bbox 179 2308 322 2395; x_wconf 87' lang='lat' dir='ltr'><strong>gratiam</strong></span> <span class='ocrx_word' id='word_1_184' title='bbox 351 2310 597 2394; x_wconf 82' lang='lat' dir='ltr'><strong>potentiamque</strong></span> <span class='ocrx_word' id='word_1_185' title='bbox 626 2307 832 2395; x_wconf 88' lang='lat' dir='ltr'><strong>Chrysogoni</strong></span> <span class='ocrx_word' id='word_1_186' title='bbox 864 2308 999 2375; x_wconf 90' lang='lat' dir='ltr'><strong>dicimus</strong></span> <span class='ocrx_word' id='word_1_187' title='bbox 1033 2312 1067 2374; x_wconf 84' lang='lat' dir='ltr'><strong>et</strong></span> <span class='ocrx_word' id='word_1_188' title='bbox 1098 2309 1191 2374; x_wconf 90' lang='lat' dir='ltr'><strong>nobis</strong></span> 
     </span>
     <span class='ocr_line' id='line_1_25' title="bbox 180 2396 1193 2484; baseline -0.003 -22"><span class='ocrx_word' id='word_1_189' title='bbox 180 2397 312 2462; x_wconf 89' lang='lat' dir='ltr'><strong>obstare</strong></span> <span class='ocrx_word' id='word_1_190' title='bbox 348 2401 382 2462; x_wconf 91' lang='lat' dir='ltr'><strong>et</strong></span> <span class='ocrx_word' id='word_1_191' title='bbox 417 2398 555 2484; x_wconf 84' lang='lat' dir='ltr'><strong>perferri</strong></span> <span class='ocrx_word' id='word_1_192' title='bbox 592 2398 684 2462; x_wconf 92' lang='lat' dir='ltr'><strong>nullo</strong></span> <span class='ocrx_word' id='word_1_193' title='bbox 716 2397 812 2462; x_wconf 92' lang='lat' dir='ltr'><strong>modo</strong></span> <span class='ocrx_word' id='word_1_194' title='bbox 845 2419 942 2482; x_wconf 88' lang='lat' dir='ltr'><strong>posse</strong></span> <span class='ocrx_word' id='word_1_195' title='bbox 974 2401 1007 2462; x_wconf 90' lang='lat' dir='ltr'><strong>et</strong></span> <span class='ocrx_word' id='word_1_196' title='bbox 1040 2420 1059 2462; x_wconf 86' lang='lat' dir='ltr'><strong>a</strong></span> <span class='ocrx_word' id='word_1_197' title='bbox 1091 2396 1193 2479; x_wconf 80' lang='lat' dir='ltr'><strong>vobis,</strong></span> 
     </span>
     <span class='ocr_line' id='line_1_26' title="bbox 180 2485 1225 2572; baseline -0.002 -22"><span class='ocrx_word' id='word_1_198' title='bbox 180 2485 334 2570; x_wconf 87' lang='lat' dir='ltr'><strong>quoniam</strong></span> <span class='ocrx_word' id='word_1_199' title='bbox 352 2490 499 2572; x_wconf 87' lang='lat' dir='ltr'><strong>potestas</strong></span> <span class='ocrx_word' id='word_1_200' title='bbox 518 2487 595 2552; x_wconf 88' lang='lat' dir='ltr'><strong>data</strong></span> <span class='ocrx_word' id='word_1_201' title='bbox 613 2489 673 2570; x_wconf 88' lang='lat' dir='ltr'><strong>est,</strong></span> <span class='ocrx_word' id='word_1_202' title='bbox 690 2508 757 2551; x_wconf 89' lang='lat' dir='ltr'><strong>non</strong></span> <span class='ocrx_word' id='word_1_203' title='bbox 775 2485 870 2551; x_wconf 89' lang='lat' dir='ltr'><strong>modo</strong></span> <span class='ocrx_word' id='word_1_204' title='bbox 889 2486 1057 2570; x_wconf 87' lang='lat' dir='ltr'><strong>infirmari,</strong></span> <span class='ocrx_word' id='word_1_205' title='bbox 1081 2507 1192 2552; x_wconf 82' lang='lat' dir='ltr'><strong>verum</strong></span> <span class='ocrx_word' id='word_1_206' title='bbox 1205 2509 1225 2548; x_wconf 76' lang='lat' dir='ltr'><strong>a</strong></span> 
     </span>
     <span class='ocr_line' id='line_1_27' title="bbox 128 2573 1193 2660; baseline -0.007 -16"><span class='ocrx_word' id='word_1_207' title='bbox 128 2594 178 2645; x_wconf 77' lang='lat'><strong>123</strong></span> <span class='ocrx_word' id='word_1_208' title='bbox 198 2573 298 2639; x_wconf 86' lang='lat' dir='ltr'><strong>etiam</strong></span> <span class='ocrx_word' id='word_1_209' title='bbox 317 2574 475 2640; x_wconf 82' lang='lat' dir='ltr'><strong>vindicari</strong></span> <span class='ocrx_word' id='word_1_210' title='bbox 493 2578 653 2660; x_wconf 90' lang='lat' dir='ltr'><strong>oportere.</strong></span> <span class='ocrx_word' id='word_1_211' title='bbox 684 2573 757 2660; x_wconf 82' lang='lat' dir='ltr'><strong>Ego</strong></span> <span class='ocrx_word' id='word_1_212' title='bbox 772 2575 818 2640; x_wconf 89' lang='lat' dir='ltr'><strong>sic</strong></span> <span class='ocrx_word' id='word_1_213' title='bbox 832 2573 993 2658; x_wconf 84' lang='lat' dir='ltr'><strong>existim0,</strong></span> <span class='ocrx_word' id='word_1_214' title='bbox 1011 2574 1069 2658; x_wconf 89' lang='lat' dir='ltr'><strong>qui</strong></span> <span class='ocrx_word' id='word_1_215' title='bbox 1084 2573 1193 2658; x_wconf 89' lang='lat' dir='ltr'><strong>quaeri</strong></span> 
     </span>
     <span class='ocr_line' id='line_1_28' title="bbox 179 2661 1193 2748; baseline -0.003 -20"><span class='ocrx_word' id='word_1_216' title='bbox 179 2662 260 2728; x_wconf 85' lang='lat' dir='ltr'><strong>velit</strong></span> <span class='ocrx_word' id='word_1_217' title='bbox 287 2685 326 2728; x_wconf 87' lang='lat' dir='ltr'><strong>ex</strong></span> <span class='ocrx_word' id='word_1_218' title='bbox 348 2662 403 2747; x_wconf 88' lang='lat' dir='ltr'><strong>iis,</strong></span> <span class='ocrx_word' id='word_1_219' title='bbox 432 2685 513 2748; x_wconf 90' lang='lat' dir='ltr'><strong>quos</strong></span> <span class='ocrx_word' id='word_1_220' title='bbox 536 2666 678 2748; x_wconf 90' lang='lat' dir='ltr'><strong>constat,</strong></span> <span class='ocrx_word' id='word_1_221' title='bbox 707 2685 779 2728; x_wconf 88' lang='lat' dir='ltr'><strong>cum</strong></span> <span class='ocrx_word' id='word_1_222' title='bbox 802 2663 914 2728; x_wconf 84' lang='lat' dir='ltr'><strong>caedes</strong></span> <span class='ocrx_word' id='word_1_223' title='bbox 938 2663 1026 2728; x_wconf 87' lang='lat' dir='ltr'><strong>lacta</strong></span> <span class='ocrx_word' id='word_1_224' title='bbox 1054 2663 1114 2747; x_wconf 88' lang='lat' dir='ltr'><strong>sit,</strong></span> <span class='ocrx_word' id='word_1_225' title='bbox 1143 2661 1193 2726; x_wconf 91' lang='lat' dir='ltr'><strong>ad-</strong></span> 
     </span>
     <span class='ocr_line' id='line_1_29' title="bbox 178 2750 1192 2836; baseline -0.003 -19"><span class='ocrx_word' id='word_1_226' title='bbox 178 2751 295 2836; x_wconf 83' lang='lat' dir='ltr'><strong>fuisse,</strong></span> <span class='ocrx_word' id='word_1_227' title='bbox 323 2774 397 2817; x_wconf 87' lang='lat' dir='ltr'><strong>eum</strong></span> <span class='ocrx_word' id='word_1_228' title='bbox 420 2773 536 2836; x_wconf 87' lang='lat' dir='ltr'><strong>cupere</strong></span> <span class='ocrx_word' id='word_1_229' title='bbox 558 2773 671 2817; x_wconf 83' lang='lat' dir='ltr'><strong>verum</strong></span> <span class='ocrx_word' id='word_1_230' title='bbox 693 2751 845 2834; x_wconf 80' lang='lat' dir='ltr'><strong>inveniri3</strong></span> <span class='ocrx_word' id='word_1_231' title='bbox 873 2750 928 2835; x_wconf 91' lang='lat' dir='ltr'><strong>qui</strong></span> <span class='ocrx_word' id='word_1_232' title='bbox 951 2754 1093 2835; x_wconf 86' lang='lat' dir='ltr'><strong>recuset,</strong></span> <span class='ocrx_word' id='word_1_233' title='bbox 1121 2771 1192 2816; x_wconf 87' lang='lat' dir='ltr'><strong>eum</strong></span> 
     </span>
     <span class='ocr_line' id='line_1_30' title="bbox 179 2838 1193 2927; baseline -0.005 -21"><span class='ocrx_word' id='word_1_234' title='bbox 179 2840 336 2927; x_wconf 86' lang='lat' dir='ltr'><strong>prolecto,</strong></span> <span class='ocrx_word' id='word_1_235' title='bbox 359 2840 493 2905; x_wconf 88' lang='lat' dir='ltr'><strong>tametsi</strong></span> <span class='ocrx_word' id='word_1_236' title='bbox 515 2841 614 2906; x_wconf 83' lang='lat' dir='ltr'><strong>verbo</strong></span> <span class='ocrx_word' id='word_1_237' title='bbox 637 2861 704 2904; x_wconf 91' lang='lat' dir='ltr'><strong>non</strong></span> <span class='ocrx_word' id='word_1_238' title='bbox 728 2840 853 2920; x_wconf 87' lang='lat' dir='ltr'><strong>audeat,</strong></span> <span class='ocrx_word' id='word_1_239' title='bbox 875 2843 987 2904; x_wconf 86' lang='lat' dir='ltr'><strong>tamen</strong></span> <span class='ocrx_word' id='word_1_240' title='bbox 1008 2860 1045 2904; x_wconf 90' lang='lat' dir='ltr'><strong>re</strong></span> <span class='ocrx_word' id='word_1_241' title='bbox 1068 2839 1143 2924; x_wconf 86' lang='lat' dir='ltr'><strong>ipsa</strong></span> <span class='ocrx_word' id='word_1_242' title='bbox 1157 2838 1193 2902; x_wconf 92' lang='lat' dir='ltr'><strong>de</strong></span> 
     </span>
     <span class='ocr_line' id='line_1_31' title="bbox 180 2926 1225 3011; baseline -0.007 -16"><span class='ocrx_word' id='word_1_243' title='bbox 180 2929 421 3007; x_wconf 88' lang='lat' dir='ltr'><strong>maleficiosuo</strong></span> <span class='ocrx_word' id='word_1_244' title='bbox 445 2928 600 2996; x_wconf 90' lang='lat' dir='ltr'><strong>confiteri.</strong></span> <span class='ocrx_word' id='word_1_245' title='bbox 645 2927 723 2993; x_wconf 84' lang='lat' dir='ltr'><strong>Dixi</strong></span> <span class='ocrx_word' id='word_1_246' title='bbox 745 2927 853 3010; x_wconf 91' lang='lat' dir='ltr'><strong>initio,</strong></span> <span class='ocrx_word' id='word_1_247' title='bbox 875 2926 1005 3011; x_wconf 89' lang='lat' dir='ltr'><strong>iudices,</strong></span> <span class='ocrx_word' id='word_1_248' title='bbox 1028 2928 1119 2993; x_wconf 87' lang='lat' dir='ltr'><strong>nolle</strong></span> <span class='ocrx_word' id='word_1_249' title='bbox 1143 2948 1192 2992; x_wconf 88' lang='lat' dir='ltr'><strong>me</strong></span> <span class='ocrx_word' id='word_1_250' title='bbox 1205 2949 1225 2988; x_wconf 75' lang='lat' dir='ltr'><strong>a</strong></span> 
     </span>
     <span class='ocr_line' id='line_1_32' title="bbox 179 3016 1194 3104; baseline -0.002 -23"><span class='ocrx_word' id='word_1_251' title='bbox 179 3019 276 3104; x_wconf 87' lang='lat' dir='ltr'><strong>plura</strong></span> <span class='ocrx_word' id='word_1_252' title='bbox 300 3017 338 3082; x_wconf 92' lang='lat' dir='ltr'><strong>de</strong></span> <span class='ocrx_word' id='word_1_253' title='bbox 360 3017 501 3082; x_wconf 89' lang='lat' dir='ltr'><strong>istorum</strong></span> <span class='ocrx_word' id='word_1_254' title='bbox 525 3017 644 3084; x_wconf 89' lang='lat' dir='ltr'><strong>scelere</strong></span> <span class='ocrx_word' id='word_1_255' title='bbox 668 3016 782 3100; x_wconf 88' lang='lat' dir='ltr'><strong>dicere,</strong></span> <span class='ocrx_word' id='word_1_256' title='bbox 807 3037 904 3100; x_wconf 89' lang='lat' dir='ltr'><strong>quam</strong></span> <span class='ocrx_word' id='word_1_257' title='bbox 928 3037 1025 3080; x_wconf 88' lang='lat' dir='ltr'><strong>causa</strong></span> <span class='ocrx_word' id='word_1_258' title='bbox 1047 3016 1194 3100; x_wconf 89' lang='lat' dir='ltr'><strong>postula·</strong></span> 
     </span>
     <span class='ocr_line' id='line_1_33' title="bbox 179 3103 1193 3191; baseline -0.004 -19"><span class='ocrx_word' id='word_1_259' title='bbox 179 3110 230 3172; x_wconf 90' lang='lat' dir='ltr'><strong>ret</strong></span> <span class='ocrx_word' id='word_1_260' title='bbox 258 3129 296 3172; x_wconf 88' lang='lat' dir='ltr'><strong>ac</strong></span> <span class='ocrx_word' id='word_1_261' title='bbox 322 3106 498 3172; x_wconf 88' lang='lat' dir='ltr'><strong>necessitas</strong></span> <span class='ocrx_word' id='word_1_262' title='bbox 525 3106 598 3191; x_wconf 87' lang='lat' dir='ltr'><strong>ipsa</strong></span> <span class='ocrx_word' id='word_1_263' title='bbox 625 3108 764 3190; x_wconf 88' lang='lat' dir='ltr'><strong>cogeret.</strong></span> <span class='ocrx_word' id='word_1_264' title='bbox 809 3103 897 3168; x_wconf 86' lang='lat' dir='ltr'><strong>Nam</strong></span> <span class='ocrx_word' id='word_1_265' title='bbox 924 3107 958 3169; x_wconf 92' lang='lat' dir='ltr'><strong>et</strong></span> <span class='ocrx_word' id='word_1_266' title='bbox 987 3104 1113 3169; x_wconf 88' lang='lat' dir='ltr'><strong>multae</strong></span> <span class='ocrx_word' id='word_1_267' title='bbox 1143 3125 1193 3168; x_wconf 88' lang='lat' dir='ltr'><strong>res</strong></span> 
     </span>
     <span class='ocr_line' id='line_1_34' title="bbox 181 3192 1193 3279; baseline -0.004 -19"><span class='ocrx_word' id='word_1_268' title='bbox 181 3194 301 3260; x_wconf 87' lang='lat' dir='ltr'><strong>adferri</strong></span> <span class='ocrx_word' id='word_1_269' title='bbox 327 3198 479 3279; x_wconf 85' lang='lat' dir='ltr'><strong>possunt,</strong></span> <span class='ocrx_word' id='word_1_270' title='bbox 512 3197 545 3258; x_wconf 89' lang='lat' dir='ltr'><strong>et</strong></span> <span class='ocrx_word' id='word_1_271' title='bbox 572 3216 637 3258; x_wconf 90' lang='lat' dir='ltr'><strong>una</strong></span> <span class='ocrx_word' id='word_1_272' title='bbox 664 3214 809 3278; x_wconf 86' lang='lat' dir='ltr'><strong>quaeque</strong></span> <span class='ocrx_word' id='word_1_273' title='bbox 837 3214 948 3258; x_wconf 86' lang='lat' dir='ltr'><strong>earum</strong></span> <span class='ocrx_word' id='word_1_274' title='bbox 974 3192 1088 3258; x_wconf 90' lang='lat' dir='ltr'><strong>multis</strong></span> <span class='ocrx_word' id='word_1_275' title='bbox 1122 3213 1193 3258; x_wconf 89' lang='lat' dir='ltr'><strong>cum</strong></span> 
     </span>
     <span class='ocr_line' id='line_1_35' title="bbox 180 3281 1194 3369; baseline -0.004 -21"><span class='ocrx_word' id='word_1_276' title='bbox 180 3282 385 3369; x_wconf 88' lang='lat' dir='ltr'><strong>argumentis·</strong></span> <span class='ocrx_word' id='word_1_277' title='bbox 407 3283 469 3348; x_wconf 89' lang='lat' dir='ltr'><strong>dici</strong></span> <span class='ocrx_word' id='word_1_278' title='bbox 491 3285 609 3369; x_wconf 83' lang='lat' dir='ltr'><strong>potest.</strong></span> <span class='ocrx_word' id='word_1_279' title='bbox 649 3281 772 3348; x_wconf 87' lang='lat' dir='ltr'><strong>Verum</strong></span> <span class='ocrx_word' id='word_1_280' title='bbox 796 3303 871 3368; x_wconf 89' lang='lat' dir='ltr'><strong>ego,</strong></span> <span class='ocrx_word' id='word_1_281' title='bbox 901 3282 987 3366; x_wconf 91' lang='lat' dir='ltr'><strong>quod</strong></span> <span class='ocrx_word' id='word_1_282' title='bbox 1008 3281 1134 3347; x_wconf 84' lang='lat' dir='ltr'><strong>invitus</strong></span> <span class='ocrx_word' id='word_1_283' title='bbox 1159 3301 1194 3344; x_wconf 89' lang='lat' dir='ltr'><strong>ae</strong></span> 
     </span>
     <span class='ocr_line' id='line_1_36' title="bbox 178 3369 1245 3457; baseline -0.004 -22"><span class='ocrx_word' id='word_1_284' title='bbox 178 3371 361 3436; x_wconf 77' lang='lat' dir='ltr'><strong>necessario</strong></span> <span class='ocrx_word' id='word_1_285' title='bbox 392 3370 491 3455; x_wconf 87' lang='lat' dir='ltr'><strong>laeio,</strong></span> <span class='ocrx_word' id='word_1_286' title='bbox 522 3392 626 3456; x_wconf 90' lang='lat' dir='ltr'><strong>neque</strong></span> <span class='ocrx_word' id='word_1_287' title='bbox 661 3371 716 3436; x_wconf 92' lang='lat' dir='ltr'><strong>diu</strong></span> <span class='ocrx_word' id='word_1_288' title='bbox 746 3393 849 3456; x_wconf 89' lang='lat' dir='ltr'><strong>neque</strong></span> <span class='ocrx_word' id='word_1_289' title='bbox 881 3369 1055 3457; x_wconf 89' lang='lat' dir='ltr'><strong>diligenter</strong></span> <span class='ocrx_word' id='word_1_290' title='bbox 1087 3369 1245 3448; x_wconf 51' lang='lat' dir='ltr'><strong>laceres¹</strong></span> 
     </span>
     <span class='ocr_line' id='line_1_37' title="bbox 179 3449 1245 3544; baseline 0.002 -24"><span class='ocrx_word' id='word_1_291' title='bbox 179 3478 322 3540; x_wconf 88' lang='lat' dir='ltr'><strong>possum.</strong></span> <span class='ocrx_word' id='word_1_292' title='bbox 379 3457 467 3533; x_wconf 82' lang='lat' dir='ltr'><strong>Quae</strong></span> <span class='ocrx_word' id='word_1_293' title='bbox 499 3459 670 3542; x_wconf 88' lang='lat' dir='ltr'><strong>praeteriri</strong></span> <span class='ocrx_word' id='word_1_294' title='bbox 700 3459 790 3524; x_wconf 88' lang='lat' dir='ltr'><strong>nullo</strong></span> <span class='ocrx_word' id='word_1_295' title='bbox 823 3458 918 3524; x_wconf 92' lang='lat' dir='ltr'><strong>modo</strong></span> <span class='ocrx_word' id='word_1_296' title='bbox 950 3462 1119 3544; x_wconf 88' lang='lat' dir='ltr'><strong>poteraut,</strong></span> <span class='ocrx_word' id='word_1_297' title='bbox 1157 3479 1193 3522; x_wconf 88' lang='lat' dir='ltr'><strong>ea</strong></span> <span class='ocrx_word' id='word_1_298' title='bbox 1244 3449 1245 3470; x_wconf 58' lang='lat'>¹</span> 
     </span>
     <span class='ocr_line' id='line_1_38' title="bbox 180 3542 1193 3633; baseline 0.004 -28"><span class='ocrx_word' id='word_1_299' title='bbox 180 3542 305 3626; x_wconf 89' lang='lat' dir='ltr'><strong>leviter,</strong></span> <span class='ocrx_word' id='word_1_300' title='bbox 327 3543 458 3627; x_wconf 88' lang='lat' dir='ltr'><strong>iudices,</strong></span> <span class='ocrx_word' id='word_1_301' title='bbox 481 3545 588 3630; x_wconf 88' lang='lat' dir='ltr'><strong>attigi,</strong></span> <span class='ocrx_word' id='word_1_302' title='bbox 611 3568 693 3631; x_wconf 89' lang='lat' dir='ltr'><strong>quae</strong></span> <span class='ocrx_word' id='word_1_303' title='bbox 715 3546 822 3631; x_wconf 87' lang='lat' dir='ltr'><strong>posita</strong></span> <span class='ocrx_word' id='word_1_304' title='bbox 846 3551 921 3612; x_wconf 90' lang='lat' dir='ltr'><strong>sunt</strong></span> <span class='ocrx_word' id='word_1_305' title='bbox 943 3546 979 3612; x_wconf 91' lang='lat' dir='ltr'><strong>in</strong></span> <span class='ocrx_word' id='word_1_306' title='bbox 1001 3546 1193 3633; x_wconf 90' lang='lat' dir='ltr'><strong>suspicioni-</strong></span> 
     </span>
    </p>
   </div>
   <div class='ocr_carea' id='block_1_4' title="bbox 0 0 1272 3876">
    <p class='ocr_par' dir='ltr' id='par_1_4' title="bbox 0 0 1272 3876">
     <span class='ocr_line' id='line_1_39' title="bbox 0 0 1272 3876; baseline 0 0"><span class='ocrx_word' id='word_1_307' title='bbox 0 0 1272 3876; x_wconf 95' lang='lat' dir='ltr'><strong> </strong></span> 
     </span>
    </p>
   </div>
  </div>
 </body>
</html>
