2622 3884
190 156 257 222 4⁷4
495 156 535 211 IN
554 155 582 211 0.
597 155 752 211 VERREM
770 155 848 211 Aer.
868 155 902 212 11.

190 324 264 368 rum
292 301 399 386 operis
427 322 465 366 ac
489 300 658 366 laboribus
682 300 861 384 quaeritur,
890 299 946 384 qui
968 321 989 365 a
1011 299 1205 384 parentibus

192 412 249 475 rpe
266 389 372 454 nostri
390 388 519 473 imperii
541 392 736 472 nostraeque
760 388 935 472 aequitatis
960 388 1104 472 suscepti
1127 387 1206 453 edu·

190 478 318 562 catique
347 481 435 561 sunt,
463 476 504 541 ad
532 475 567 542 O.
586 476 698 542 Verris
726 476 885 542 nefariam
912 476 1143 542 inmanitatem
1171 479 1205 540 et

140 571 189 621 124
208 567 249 631 ad
267 566 336 634 eius
354 565 518 630 funestam
537 586 681 630 securem
700 586 770 630 esse
789 565 958 630 servatos?
995 564 1102 641 Quom
1120 563 1205 628 mibi

189 652 403 738 Tyndaritani
429 653 518 718 illius
545 653 693 718 venitin
715 656 870 736 mentem,
898 674 996 737 quom
1019 650 1229 739 Segestanis

189 747 260 807 tum
274 742 346 806 iura
360 741 457 806 simul
471 741 642 808 ciuitatum
658 744 756 825 atque
775 741 883 806 officia
902 741 1079 806 considero.
1113 739 1203 816 Quas

188 831 287 895 urbes
300 829 336 895 P.
345 828 520 895 Africanus
536 829 634 894 etiam
651 830 812 895 ornandas
831 851 902 894 esse
921 829 1035 914 spoliis
1054 828 1203 894 hostium

189 919 369 984 arbitratus
401 922 464 1002 est,
496 939 551 983 eas
580 916 614 983 Ο.
634 916 753 982 Verres
780 938 847 982 non
874 918 980 982 solum
1007 917 1076 982 illis
1106 938 1202 981 orna

188 1007 321 1092 mentis,
354 1006 410 1071 sed
442 1006 541 1072 etiam
572 1005 651 1071 viris
683 1005 897 1070 nobilissimis
926 1005 1051 1071 nefario
1079 1005 1201 1070 scelere

187 1095 340 1181 privarit.
385 1093 449 1181 En,
478 1094 564 1178 quod
592 1093 805 1177 Tyndaritani
831 1094 972 1159 libenter
998 1093 1201 1179 praedicent:
1215 1110 1238 1150 1⁰

189 1184 283 1250 ‘Nos
316 1183 356 1247 in
388 1180 661 1268 septemdecim
693 1181 850 1267 populis
882 1179 1041 1247 Siciliae
1074 1203 1201 1246 nume·

187 1293 332 1356 remur,
350 1291 418 1336 nos
438 1291 589 1354 semper
608 1270 784 1335 omnibus
802 1269 960 1334 Punicis
979 1267 1201 1334 Siciliensi·

187 1360 335 1443 busque
363 1357 482 1422 bellis
510 1357 721 1423 amicitiam
749 1357 944 1441 fidemque
970 1357 1106 1443 populi
1128 1357 1201 1422 Ro-

187 1447 289 1512 mani
326 1446 451 1510 secuti
487 1467 629 1529 sumus,
665 1469 685 1511 a
720 1447 833 1510 nobis
870 1446 1022 1526 [omnia]
1055 1446 1200 1531 populo

186 1534 356 1599 Romano
376 1555 526 1619 semper
545 1537 582 1598 et
600 1534 698 1599 belli
717 1534 938 1599 adiumenta
957 1538 995 1599 et
1011 1534 1121 1618 pacis
1140 1555 1199 1598 or·
1213 1549 1238 1591 1⁶

186 1625 368 1687 namenta
391 1622 620 1687 ministrata
644 1620 753 1686 sunt?
789 1621 931 1688 Multum
954 1643 1031 1688 uero
1054 1621 1136 1687 haec
1158 1621 1199 1686 iis

136 1725 187 1775 125
205 1710 277 1776 iura
291 1710 483 1795 profuerunt
496 1711 532 1774 in
544 1710 639 1775 istius
654 1709 791 1794 imperio
806 1732 844 1776 ac
856 1711 1036 1796 potestate!
1058 1708 1198 1774 Vestros

188 1798 352 1883 quondam
374 1802 492 1864 nautas
516 1801 631 1865 contra
649 1796 884 1884 Carthaginem
906 1797 1014 1882 Scipio
1039 1796 1140 1882 duxit,
1163 1800 1198 1863 at

186 1909 272 1953 nuno
285 1909 402 1953 navem
416 1889 531 1952 contra
544 1885 723 1970 praedones
742 1907 844 1970 paene
862 1886 992 1951 inanem
1008 1885 1197 1950 Cleomenes

187 1974 290 2059 ducit,
316 1974 485 2041 vobiscum
501 1972 676 2039 Africanus
699 1973 844 2039 hostium
866 1975 973 2059 spolia
996 1977 1029 2038 et
1051 1973 1235 2059 praemiare

186 2063 293 2129 laudis
307 2063 567 2146 communicavit,
586 2067 621 2127 at
636 2083 722 2128 nunc
737 2061 762 2144 †
776 2083 835 2148 per
853 2084 904 2126 me
924 2062 1058 2147 spoliati
1075 2083 1160 2127 nave
1178 2084 1198 2128 a

185 2151 404 2237 praedonibus
429 2150 568 2216 abducta
590 2150 655 2235 ipsi
677 2150 712 2214 in
733 2150 880 2225 hostium
902 2151 975 2216 loco
997 2171 1197 2234 numeroque

186 2238 350 2304 ducimini.
396 2237 480 2313 Quid
506 2238 607 2304 vero?
638 2238 697 2302 illa
719 2235 973 2324 Segestanorum
1000 2259 1067 2303 non
1090 2239 1197 2305 solum

185 2325 306 2390 litteris
324 2326 447 2391 tradita
464 2348 568 2411 neque
587 2331 841 2392 commemorata
862 2326 981 2412 verbis,
1004 2326 1061 2391 sed
1083 2327 1196 2392 multis

185 2413 301 2478 officiis
319 2413 453 2478 illorum
471 2418 628 2498 usurpata
646 2418 680 2478 et
702 2414 915 2498 comprobata
937 2414 1090 2501 cognatio
1114 2435 1195 2500 quos
1209 2433 1232 2474 ar

184 2501 317 2566 tandem
330 2501 456 2567 fructus
475 2501 608 2567 huiusce
626 2502 873 2568 necessitudinis
891 2502 927 2566 in
944 2502 1040 2567 istius
1058 2503 1195 2586 imperio

184 2590 285 2655 tulit?
320 2589 447 2675 Nempe
460 2590 522 2654 hoc
538 2590 608 2655 iure
625 2589 698 2674 fuit,
716 2590 847 2674 iudices,
864 2593 901 2654 ut
920 2611 958 2654 ex
977 2590 1050 2655 sinu
1068 2590 1194 2676 patriae

183 2677 408 2744 nobilissimus
422 2678 610 2743 adulescens
630 2680 677 2758 [et
695 2699 734 2742 ex
752 2679 912 2764 conplexu
929 2679 1045 2743 matris
1065 2682 1194 2764 ereptus

183 2766 337 2832 innocens
364 2766 467 2846 filius]
497 2765 592 2830 istius
616 2765 759 2832 carnifici
782 2764 891 2831 Sextio
916 2766 1094 2832 dederetur.
1135 2765 1194 2832 Oui

183 2854 311 2920 civitati
337 2854 477 2919 maiores
499 2853 605 2918 nostri
628 2854 786 2919 maximos
810 2876 908 2941 agros
931 2859 1029 2939 etque
1052 2855 1193 2940 optimos
1206 2873 1230 2914 ro

183 2945 419 3026 concesserunt,
433 2964 531 3027 quam
544 2942 721 3007 immunem
735 2962 805 3008 esse
819 2943 1001 3027 voluerunt,
1014 2942 1095 3008 haec
1109 2943 1193 3028 apud

181 3033 215 3094 te
230 3030 445 3116 cognationis,
461 3029 639 3114 fidelitatis,
657 3031 841 3116 vetustatis,
860 3030 1064 3097 auctoritatis
1078 3052 1119 3097 ne
1133 3031 1193 3098 hoc

183 3118 312 3201 quidem
326 3118 406 3183 iuris
421 3118 571 3203 optinuit,
589 3123 627 3184 ut
641 3118 736 3184 unius
750 3119 974 3184 honestissimi
987 3123 1086 3204 atque
1104 3119 1193 3186 inno·

182 3206 362 3270 centissimi
393 3206 471 3272 civis
503 3210 643 3272 mortem
675 3229 712 3272 ac
740 3207 931 3292 sanguinem
958 3207 1191 3292 deprecaretur.

129 3263 181 3388 {336
251 3293 322 3369 Quo
341 3293 530 3379 confugient
549 3294 650 3359 socii?
673 3315 770 3379 quem
790 3295 1025 3382 implorabunt?
1049 3317 1114 3381 qua
1137 3318 1191 3381 spo
1204 3311 1227 3354 ss

182 3378 335 3465 denique,
360 3385 398 3446 ut
419 3382 527 3446 vivere
550 3382 666 3466 velint,
693 3382 904 3468 tenebuntur,
929 3384 959 3448 si
980 3404 1040 3450 ros
1063 3405 1120 3449 eos
1143 3384 1192 3450 dc-

182 3467 320 3531 scretis?
352 3465 405 3532 Ad
424 3471 643 3549 senatum[ne]
662 3468 816 3536 venient?
853 3470 959 3548 Quid?
985 3475 1024 3537 ut
1042 3471 1082 3538 dc
1090 3470 1192 3538 Verre
