2604 3880
380 225 481 281 mel
522 227 599 284 GAP.
619 233 725 283 41-44
743 235 758 294 s
778 235 925 284 1os-1rs.
1095 229 1157 294 181

149 391 191 434 en
213 369 249 433 in
272 391 346 434 eum
369 391 489 436 annum
513 373 665 456 progredi
687 394 783 438 nemo
805 372 927 458 poterit
950 373 1068 459 edicto,
1094 395 1158 458 quo

147 462 280 541 praetor
306 457 390 522 alius
413 457 543 525 futurus
567 464 626 544 est,
648 461 684 525 in
706 462 809 545 illum,
832 482 895 545 quo
920 462 1004 526 clius
1026 467 1159 548 praetor

147 545 220 629 fuit,
242 545 465 633 regredietur?
496 547 546 614 Ac
564 549 593 613 si
611 550 673 614 hoc
690 550 780 632 iuris,
801 570 869 613 non
885 551 980 615 unius
999 551 1140 617 hominis
1160 562 1211 611 110

149 656 246 700 causa
281 635 449 721 edixisses,
486 638 611 702 cautius
644 637 878 721 conposuisses.
920 637 1056 704 Scribis:
1093 638 1210 715 Q0143

122 738 318 788 censensu
335 740 441 788 suoru
458 742 616 792 ruerem.
653 726 746 807 Quid,
767 726 795 790 si
813 726 888 811 plus
907 726 1036 812 legarit,
1060 749 1158 811 quem

148 811 190 876 ed
207 811 359 877 heredem
378 812 553 878 heredesve
570 814 760 898 perveniet?
784 814 871 898 quod
893 835 951 900 per
974 816 1080 902 legem
1094 815 1158 880 Vo-

148 900 275 965 coniam
298 900 336 983 ei,
359 900 415 985 qui
438 921 552 966 census
573 924 641 968 non
663 903 716 986 sit,
739 903 830 986 licet3
853 924 910 967 cur
931 903 1003 987 hoc,
1026 926 1099 969 cum
1120 904 1157 970 in

149 988 263 1053 eodem
284 1010 401 1075 genere
425 989 477 1073 sit,
499 1013 564 1055 non
588 991 706 1055 caves?
747 989 830 1065 Quia
851 1011 918 1055 non
941 993 1078 1077 generis,
1101 992 1157 1056 sed

148 1076 290 1141 hominis
309 1097 440 1142 causum
458 1079 566 1143 verbis
586 1080 802 1163 amplecteris,
825 1082 862 1143 ut
879 1078 976 1145 facile
999 1083 1157 1164 apparent

108 1179 134 1219 1⁰
147 1168 181 1229 te
199 1164 313 1249 pretio,
335 1186 402 1229 non
420 1165 492 1231 iure
515 1187 586 1232 esse
609 1171 817 1232 commotum.
853 1167 962 1252 Atque
985 1167 1048 1233 hoc
1071 1168 1156 1232 siin

146 1256 315 1338 posterum
329 1254 493 1339 edixisses,
511 1255 617 1320 minus
633 1259 720 1321 esset
731 1255 901 1339 nefarium,
919 1257 1051 1321 temetsi
1070 1260 1156 1321 esset

145 1340 345 1427 improbum3
378 1342 533 1408 sedtum
559 1344 739 1429 vituperari
765 1348 891 1429 posset,
921 1344 957 1409 in
984 1344 1156 1409 discrimen

146 1430 257 1494 venire
279 1452 347 1495 non
367 1435 493 1516 porset3
514 1453 610 1497 nemo
634 1433 721 1497 enim
743 1433 975 1517 committeret3
997 1454 1082 1498 nunc
1106 1437 1156 1498 est

147 1519 215 1584 eius
246 1518 334 1583 modi
361 1519 513 1602 edictum,
545 1524 584 1585 ut
610 1521 717 1605 quivis
742 1521 916 1606 intellegat
941 1542 1009 1586 non
1035 1521 1154 1605 populo

107 1621 133 1662 1⁵
147 1627 218 1672 esse
237 1607 403 1690 scriptum,
422 1607 478 1672 sed
491 1608 525 1672 P.
536 1608 625 1673 Anni
643 1609 790 1674 secundis
809 1609 990 1674 heredibus.
1021 1609 1136 1692 Itaque
1157 1618 1204 1669 111

147 1718 220 1761 cum
252 1696 311 1761 ebs
342 1698 377 1760 te
408 1699 508 1780 caput
533 1697 616 1761 illud
643 1700 712 1762 tem
739 1697 852 1761 multis
879 1697 987 1761 verbis
1015 1719 1155 1762 mercen·

145 1784 302 1868 nerioque
320 1785 487 1868 prooemio
507 1789 594 1850 esset
614 1787 775 1866 ornatum,
799 1785 908 1868 ecquis
930 1785 1081 1849 inventus
1105 1789 1156 1850 est

146 1875 262 1958 postes
288 1875 432 1957 praetor,
461 1874 517 1958 qui
539 1872 626 1938 idem
649 1874 732 1938 illud
754 1873 915 1938 ediceret?
960 1873 1036 1938 Non
1058 1873 1154 1938 modo

146 1982 242 2026 nemo
262 1959 371 2044 edixit,
393 1961 508 2027 sedne
526 1961 643 2026 metuit
662 1961 791 2045 quidem
815 1960 996 2044 quisquam,
1017 1983 1058 2024 ne
1082 1961 1154 2045 quis

107 2063 134 2103 ²0
148 2049 294 2114 ediceret.
329 2048 361 2113 N
363 2071 416 2113 em
429 2053 506 2134 post
519 2055 553 2114 te
566 2053 751 2136 praetorem
765 2049 862 2113 multi
875 2049 910 2113 in
927 2048 1030 2113 isdem
1048 2049 1153 2114 causis

146 2137 291 2220 fuerimt3
322 2137 357 2201 in
388 2138 439 2202 his
466 2159 569 2224 nuper
591 2138 727 2204 Annaea
755 2138 794 2202 de
821 2138 999 2201 multorum
1025 2138 1157 2221 propin·

147 2246 286 2310 quorum
309 2226 483 2311 sententia,
510 2225 684 2311 pecuniose
706 2226 837 2309 mulier,
863 2224 950 2309 quod
972 2246 1069 2290 censs
1089 2247 1155 2289 non

147 2317 232 2397 erat,
258 2316 457 2380 testamento
484 2314 562 2379 fecit
584 2314 737 2380 heredem
758 2313 870 2378 filiam.
911 2312 982 2377 Iem
1005 2313 1068 2378 hoc
1090 2334 1156 2378 me·

148 2423 249 2488 gnum
271 2401 426 2467 iudicium
452 2402 621 2468 hominum
648 2403 687 2468 de
712 2402 809 2466 istius
833 2401 992 2487 singulari
1013 2401 1158 2486 inprobi-

106 2505 133 2546 ’ὁ
147 2493 226 2574 tete,
249 2490 337 2574 quod
360 2489 393 2555 Ο.
407 2489 526 2555 Verres
550 2513 609 2556 sua
631 2494 746 2575 sponte
773 2491 980 2573 instituisset,
1001 2490 1036 2554 id
1057 2486 1157 2554 nerni-

146 2599 222 2642 nem
241 2579 395 2644 metuisse
413 2601 453 2644 ne
472 2581 545 2664 quis
563 2580 761 2665 reperiretur
779 2579 835 2663 qui
852 2579 949 2643 istius
967 2578 1156 2643 institutum

147 2665 240 2751 sequi
257 2667 372 2751 vellet3
395 2668 484 2733 solus
503 2668 590 2732 enim
612 2671 649 2732 tu
671 2667 823 2732 inventus
847 2688 890 2751 es,
912 2667 964 2732 oui
986 2689 1053 2732 non
1075 2666 1156 2730 setis

146 2755 246 2820 fuerit
278 2755 441 2842 corrigere
471 2758 669 2821 testamenta
698 2756 860 2839 vivorum,
890 2755 955 2820 nisi
982 2755 1082 2819 etism
1109 2775 1157 2818 re

148 2843 310 2908 scinderes
324 2847 536 2909 mortuorum.
569 2845 617 2909 Tu
631 2845 701 2930 ipse
720 2864 758 2909 ex
774 2841 935 2908 Siciliensi
953 2843 1058 2907 edicto
1076 2841 1139 2906 hoc
1158 2850 1209 2899 112

107 2945 133 2987 ⁸0
148 2931 326 3014 sustulisti3
343 2931 487 3015 voluisti,
506 2954 544 2997 ex
562 2932 729 3017 inproviso
749 2931 777 2996 si
795 2953 878 3015 quee
896 2951 948 2995 res
964 2935 1045 2994 nete
1063 2933 1157 3012 esset,

147 3041 186 3083 ex
204 3019 329 3084 urbano
350 3020 454 3085 edicto
476 3020 654 3085 decernere.
695 3019 799 3096 Quem
821 3023 937 3103 postea
959 3022 995 3081 tu
1017 3017 1080 3082 tibi
1102 3017 1157 3081 dc-

146 3107 327 3172 fensionem
349 3107 570 3192 relinquebas,
596 3109 632 3173 in
654 3131 693 3173 ec
716 3107 856 3172 menime
879 3104 1056 3189 offendisti,
1083 3126 1157 3170 cum

146 3199 238 3260 tuam
267 3196 496 3262 auctoritatem
523 3200 594 3261 tute
620 3197 693 3283 ipse
720 3195 824 3260 edicto
847 3193 1040 3280 provinciali
1063 3215 1157 3278 repu-

146 3283 270 3349 diebes.

105 3387 132 3428 ⁸⁵
212 3371 323 3457 Atque
350 3395 412 3460 ego
439 3395 506 3438 non
533 3372 660 3457 dubito,
693 3371 784 3455 quin,
815 3374 853 3436 ut
880 3370 974 3454 mihi,
1006 3369 1058 3435 cui
1085 3373 1210 3437 meu44

145 3459 216 3525 filis
233 3462 373 3526 maxime
396 3462 486 3527 cordi
509 3465 568 3544 est,
591 3481 643 3524 res
666 3460 746 3525 heec
769 3460 885 3524 acerbe
907 3458 1037 3524 videtur
1059 3461 1157 3543 atque

145 3549 290 3635 indigne,
310 3550 356 3615 sic
369 3549 427 3613 uni
445 3550 560 3635 cuique
578 3552 733 3632 vestrum,
751 3548 807 3631 qui
826 3548 926 3613 simili
944 3569 1040 3613 sensu
1059 3550 1156 3632 etque
