2558 3884
351 201 418 257 ΜΒ.
438 202 477 258 111
509 203 586 261 οΑΡ.
607 211 711 262 re-eo
730 212 745 272 s
764 213 878 264 rr-sr.
1057 209 1122 274 289

105 367 220 411 cumas
234 346 419 412 vendidisti.
455 346 547 430 Quid,
566 348 596 413 si
612 349 711 415 doceo
729 353 763 415 te
780 372 847 416 non
865 352 971 417 minus
991 351 1122 418 domum

107 437 202 500 tuam
223 436 381 500 avertisse
405 442 503 520 quam
521 436 661 502 Romam
684 438 812 503 misisse
836 440 1044 506 decumarum
1066 463 1122 507 no·

108 523 218 588 mine?
251 523 330 607 quid
356 523 456 589 habet
481 525 639 610 populare
662 528 768 591 oratio
791 531 862 612 tua,
890 551 963 594 cum
987 550 1026 594 ex
1048 551 1122 614 pro·

109 610 217 676 vincia
244 612 359 697 populi
380 612 522 678 Romani
551 635 688 698 aequam
716 619 843 699 partem
867 620 904 681 tu
926 617 989 681 tibi
1012 639 1121 702 sump-

78 699 192 764 ⁵seris
227 721 264 764 ac
291 701 413 785 populo
441 701 589 766 Romano
614 702 766 768 miseris?
805 704 903 787 quid?
941 705 969 768 si
996 705 1121 770 duabus

109 787 261 872 partibus
290 788 387 854 doceo
415 792 448 853 te
475 790 616 872 amplius
643 790 800 856 frumenti
824 792 999 858 abstulisse
1022 815 1120 877 quam

109 876 232 960 populo
255 875 404 942 Romano
428 877 568 961 misisse,
597 882 749 944 tamenne
771 883 924 963 putamus
946 885 1121 964 patronum

110 968 204 1030 tuum
222 965 258 1028 in
275 964 338 1030 hoc
356 965 490 1030 crimine
508 966 702 1032 cerviculam
723 967 920 1034 iactaturum
944 972 977 1032 et
999 970 1121 1054 populo

111 1073 146 1116 se
178 1075 215 1118 ac
247 1074 385 1119 coronae
418 1054 591 1120 daturum?
641 1053 732 1120 Haec
762 1077 822 1120 vos
850 1059 960 1139 autea,
991 1057 1121 1141 iudices,

68 1156 99 1195 1⁰
111 1140 262 1224 audistis,
297 1163 411 1207 verum
446 1142 589 1208 fortasse
619 1143 669 1208 ita
700 1143 850 1227 audistis,
885 1148 923 1209 ut
955 1149 1121 1210 auctorem

111 1251 275 1295 rumorem
286 1229 451 1294 haberetis
463 1252 708 1314 sermonemque
721 1232 898 1298 hominum.
925 1230 1121 1320 cognoscite

110 1339 195 1382 nunc
231 1318 501 1384 innumerabilem
537 1320 708 1405 pecuniam
743 1320 958 1387 frumentario
990 1323 1121 1388 nomine

111 1409 268 1490 ereptam,
286 1410 324 1471 ut
342 1407 439 1472 simul
458 1407 552 1472 illam
570 1430 698 1492 quoque
718 1409 785 1474 eius
805 1432 918 1476 vocem
936 1411 1120 1496 improbam

111 1495 308 1580 agnoscatis,
331 1495 387 1579 qui
406 1516 440 1560 se
458 1517 523 1560 uno
543 1500 680 1580 quaestu
698 1497 905 1564 decumarum
929 1499 1039 1564 omnia
1062 1521 1121 1565 sua

71 1583 256 1667 1⁵pericula
278 1583 521 1668 redempturum
544 1605 614 1648 esse
638 1585 774 1650 dicebat.

176 1670 370 1736 Audivimus
393 1672 455 1738 hoc
477 1672 544 1737 iam
567 1673 637 1756 diu,
660 1673 794 1758 iudices3
817 1695 901 1759 nego
926 1696 1121 1758 quemquam
1131 1645 1175 1771 25ss

111 1763 257 1825 vestrum
280 1780 364 1843 esse,
391 1761 470 1844 quin
493 1781 589 1845 saepe
612 1761 750 1826 audierit
773 1762 878 1827 socios
901 1763 998 1828 istius
1020 1762 1121 1828 fuisse
1228 1835 1232 1846 ,

112 1848 315 1914 decumanos.
360 1847 452 1913 Nihil
481 1848 569 1913 aliud
596 1850 740 1914 arbitror
762 1849 847 1914 falso
870 1850 905 1914 in
927 1850 1027 1915 istum
1051 1871 1121 1915 esse

112 1936 234 2002 dictum
267 1936 308 2001 ab
340 1936 395 2021 iis,
427 1937 482 2021 qui
512 1936 598 2002 male
626 1937 665 2002 de
692 1938 757 2003 isto
786 1938 1026 2022 existimarunt,
1057 1939 1122 2002 nisi

71 2024 179 2090 ahos.
230 2021 318 2090 Nam
345 2025 425 2090 socii
452 2025 589 2110 putandi
617 2029 707 2109 sunt,
734 2046 816 2109 quos
842 2025 929 2090 inter
956 2048 1009 2092 res
1036 2047 1121 2092 com·

110 2113 278 2178 municata
314 2117 378 2196 est;
415 2135 476 2198 ego
512 2135 582 2178 rem
618 2116 724 2178 totam
760 2113 972 2198 fortunasque
1009 2135 1120 2180 omnes

111 2205 281 2268 aratorum
312 2200 407 2266 istius
439 2201 541 2266 fuisse
573 2201 659 2284 dico,
690 2201 873 2286 Apronium
899 2200 1121 2287 Veneriosque

111 2311 234 2372 servoS,
257 2290 343 2372 quod
361 2290 426 2353 isto
449 2293 600 2374 praetore
622 2289 687 2353 fuit
708 2311 830 2354 novum
853 2311 954 2375 genus
977 2291 1121 2375 publiea·

111 2398 237 2460 norum,
256 2380 444 2462 ceterosque
459 2377 652 2444 decumanos
667 2381 894 2461 procuratores
911 2379 1007 2445 istius
1027 2401 1121 2464 quae-

72 2478 99 2519 25
112 2469 182 2530 stus
216 2468 251 2530 et
283 2465 492 2531 administros
519 2466 708 2549 rapinarum
733 2466 834 2530 fuisse
862 2467 942 2533 dico.
974 2504 1017 2514 —
1050 2467 1120 2543 Quo
1140 2488 1172 2537 or

111 2554 209 2622 modo
224 2553 287 2618 hoc
301 2553 418 2620 doces?
435 2589 473 2600 -
490 2553 672 2629 Quomodo
688 2575 727 2618 ex
744 2555 803 2620 illa
821 2555 982 2621 locatione
1001 2557 1122 2622 colum·

110 2663 229 2708 narum
260 2641 355 2707 docui
385 2642 487 2706 istum
519 2663 590 2708 esse
619 2642 824 2728 praedatum3
857 2644 984 2728 opinor,
1017 2666 1056 2708 ex
1083 2667 1120 2710 eo

111 2730 264 2813 maxime,
282 2729 368 2814 quod
381 2730 526 2814 iniquam
543 2731 650 2816 legem
668 2753 852 2816 novamque
870 2732 1013 2797 dixisset.
1041 2732 1121 2808 Quis

112 2819 199 2884 enim
231 2839 387 2901 umquam
417 2823 552 2884 conatus
580 2822 631 2883 est
657 2819 730 2885 iura
757 2820 866 2885 omnia
893 2825 927 2884 et
954 2823 1122 2885 consuetu-

72 2921 99 2962 ⁸⁰
112 2906 222 2972 dinem
259 2906 403 2972 omnium
440 2910 640 2972 commutare
676 2930 749 2972 cum
780 2908 1020 3000 vituperatiope
1052 2907 1121 2970 sine

2 3009 3 3014 ’
111 2994 273 3079 quaestu?
313 2994 454 3080 Pergam
481 2999 515 3059 et
541 2995 693 3079 insequar
721 2995 861 3080 longius.
905 2995 1022 3078 Iniqua
1049 2994 1122 3078 lege

111 3082 287 3166 vendebas,
316 3104 379 3166 quo
407 3083 511 3167 pluris
538 3084 701 3149 venderes
747 3081 812 3148 Cur
840 3083 976 3148 addictis
999 3082 1066 3147 iam
1090 3087 1122 3146 et

111 3170 252 3238 venditis
281 3171 437 3255 decumis,
465 3193 536 3236 curn
564 3171 630 3236 iam
658 3172 699 3237 ad
727 3192 887 3236 summam
915 3171 1123 3236 decumarum

110 3259 208 3342 nihil,
246 3258 286 3324 ad
320 3262 413 3324 tuum
446 3262 617 3343 quaestum
648 3260 789 3324 multum
820 3262 932 3342 posset
965 3258 1122 3342 accedere,

2 3423 3 3428 γ
72 3360 97 3403 ⁸⁵
112 3347 222 3412 subito
256 3350 354 3431 atque
387 3369 425 3412 ex
456 3352 603 3432 tempore
635 3369 721 3412 nora
749 3346 966 3412 nascebantur
995 3345 1122 3412 edicta?

2 3445 3 3464 ¹
111 3435 197 3502 Nam
216 3439 253 3500 ut
276 3435 498 3501 vadimonium
521 3436 712 3519 decumano,
736 3456 938 3519 quocumque
960 3435 989 3500 is
1012 3433 1122 3518 vellet,

2 3519 3 3524 ’
110 3523 372 3609 promitteretur,
401 3528 439 3589 ut
467 3546 506 3590 ex
533 3545 622 3607 area,
650 3523 714 3588 nisi
740 3526 855 3609 pactus
885 3527 983 3608 esset,
1011 3527 1123 3589 arator

166 3636 265 3678 cmm
281 3639 300 3677 1.
878 3631 910 3681 19
