2558 3884
320 181 388 236 ΜΒ.
406 182 434 236 11
466 181 543 238 CAP.
564 189 669 237 11-11
687 189 703 249 c
723 189 871 238 110-111.
1035 183 1102 247 265

91 325 171 391 satis
194 347 265 390 esse
288 325 466 409 facturum,
489 326 531 410 si,
554 348 636 410 quae
660 326 798 412 cognovi
819 326 854 390 in
876 325 996 410 Sicilia,
1020 349 1102 411 quae

91 414 200 499 accepi
218 414 260 478 eb
283 414 374 499 ipsis,
398 413 571 500 diligenter
595 437 781 500 exposuero,
804 417 926 500 populo
945 415 1102 501 Romano,

90 504 118 567 si
143 503 268 568 nullius
296 502 377 587 vim,
402 503 525 568 nullius
552 504 735 587 potentiam
760 504 972 589 pertimuere,
999 505 1102 589 vobis,

90 592 119 656 si
134 591 330 656 facultatem
348 612 423 656 vere
442 595 540 675 etque
558 591 696 656 honeste
713 592 875 658 indicendi
891 594 954 658 fide
976 597 1009 658 et
1032 593 1102 658 dili·

64 679 204 766 sgontia
230 701 303 744 mea
324 679 445 763 fecero,
473 679 636 764 mihimet,
663 680 692 744 si
713 702 755 744 ne
778 681 949 746 minimum
972 681 1101 766 quidem

90 768 128 833 de
147 789 222 833 meo
241 767 399 834 curriculo
417 768 514 852 vitae,
537 769 624 853 quod
641 768 724 833 mihi
747 791 874 853 semper
896 771 1100 854 propositum

88 856 167 941 fuit,
195 856 371 922 decessero.
416 855 622 941 Quapropter
643 857 727 921 nihil
751 861 814 941 est,
837 857 923 941 quod
949 863 1154 942 metues,180

88 967 129 1010 ne
159 944 238 1029 quid
259 945 295 1010 in
316 947 350 1009 te
373 945 570 1031 confingam,
597 945 698 1010 etiam
721 945 807 1029 quod
830 946 963 1030 lactere,
991 945 1101 1011 hebes.

89 1033 199 1098 Multa
217 1033 318 1117 enim,
341 1055 423 1118 quse
442 1034 508 1098 scio
532 1056 552 1098 a
574 1037 608 1098 10
631 1055 701 1099 0110
725 1035 912 1118 0001011110,
936 1035 1022 1118 quod
1045 1038 1102 1098 0111

52 1121 229 1186 onimium
260 1121 371 1206 turpia
403 1125 460 1186 aut
491 1143 608 1206 parum
639 1122 808 1188 eredibilia
840 1126 928 1206 sunt,
961 1126 1101 1207 praeter·

90 1211 231 1275 mittam.
272 1209 296 1293 †
318 1209 459 1274 Tantum
487 1231 584 1296 agam
610 1211 649 1275 de
671 1210 733 1275 hoc
756 1214 828 1276 toto
850 1211 981 1276 nominc
1004 1211 1102 1276 socie

89 1300 185 1383 tatis,
210 1302 249 1364 ut
270 1298 337 1362 iam
360 1299 442 1364 scire
464 1299 581 1382 possis.
622 1299 797 1384 Quaeram,
820 1299 1026 1366 decretumne
1049 1299 1102 1364 sit.

90 1385 174 1452 Cum
202 1387 237 1451 id
263 1386 430 1471 invenero,
463 1408 630 1471 quaeram,
656 1391 842 1452 remotaene
870 1388 937 1453 sint
963 1388 1102 1453 litterae.

90 1474 173 1542 (lum
196 1475 231 1540 id
255 1496 381 1559 quoque
404 1475 577 1559 constabit,
600 1497 659 1540 vos
682 1475 749 1540 iam
771 1476 833 1542 hoe
856 1498 907 1541 me
931 1477 1032 1542 tacito
1054 1477 1103 1540 in·

53 1583 77 1624 10
90 1563 272 1650 tellegetis:
304 1560 339 1627 Si
370 1563 435 1646 illi,
466 1563 522 1647 qui
553 1563 615 1628 hoo
646 1564 741 1628 istius
770 1586 867 1630 causa
895 1565 1103 1631 decreverunt
1206 1619 1210 1628 .

92 1654 232 1737 [equites
255 1651 423 1735 Romani],
449 1673 535 1716 nunc
561 1651 647 1716 idem
674 1652 708 1716 in
736 1674 810 1718 eum
836 1652 957 1718 iudices
985 1657 1103 1737 essent,

91 1742 192 1806 istum
220 1739 290 1805 sine
318 1740 416 1805 dubio
444 1740 708 1824 condemnarent,
735 1740 774 1805 de
799 1762 864 1824 quo
887 1741 1015 1806 litteras
1038 1763 1102 1824 cas,

92 1851 175 1914 quae
203 1829 299 1894 istius
326 1828 416 1893 furto
442 1829 636 1912 indicarent,
663 1832 696 1893 ct
724 1828 765 1893 ad
789 1849 823 1892 re
846 1828 962 1892 missas
987 1831 1020 1892 01
1044 1849 1102 1893 suo

92 1918 222 1984 decreto
256 1921 399 1982 remotas
434 1917 554 1982 scirent
588 1938 667 1982 esse.
718 1915 821 1991 Quem
854 1915 957 2001 igitur
988 1915 1029 1980 ab
1062 1916 1102 1980 iis

53 2027 79 2067 so
93 2006 273 2091 [equitibus
295 2005 480 2087 Romanis],
507 2005 563 2089 qui
587 2004 683 2069 istius
707 2025 805 2069 censa
827 2003 961 2087 cupiunt
985 2004 1103 2088 omnia,

93 2095 149 2179 qui
172 2095 214 2160 sb
239 2115 277 2159 eo
300 2093 532 2180 benignissime
554 2092 690 2157 tractati
712 2095 797 2175 sunt,
820 2091 1028 2156 condemnari
1050 2113 1103 2156 ne-

92 2204 182 2249 cesse
210 2186 310 2266 esset,
336 2182 366 2247 11
389 2205 409 2246 0
433 2182 541 2265 vobio,
567 2181 702 2264 iudices,
729 2181 798 2245 ulla
820 2179 875 2245 via
897 2183 954 2245 eut
976 2180 1103 2245 ratione

93 2271 222 2337 absolvi
243 2270 386 2356 poterit?

30 2373 34 2380 “
159 2359 210 2424 Αο
222 2380 264 2423 110
276 2359 363 2424 forte
377 2380 425 2442 ea,
443 2380 525 2442 quae
539 2361 666 2422 remota
679 2356 719 2420 de
733 2356 838 2422 medio
858 2360 955 2441 atque
974 2361 1086 2442 erepta
1105 2361 1154 2412 181

53 2467 79 2508 10
92 2448 188 2513 nobis
208 2451 297 2530 suut,
320 2447 432 2512 omnia
453 2447 501 2511 ite
524 2446 655 2512 condite
676 2445 777 2510 fuisse
800 2450 898 2529 atque
920 2446 970 2510 ita
992 2446 1104 2511 abdite

93 2536 230 2602 latuisse
248 2534 428 2618 videantur,
450 2539 488 2599 ut
505 2534 585 2599 haec
604 2533 782 2619 diligentia,
805 2555 903 2618 quam
923 2555 985 2620 ego
1009 2557 1030 2599 a
1052 2556 1103 2599 me

93 2623 259 2709 expectari
277 2623 417 2688 maxime
438 2627 527 2707 puto,
548 2623 633 2687 nihil
656 2644 768 2688 corum
790 2621 999 2709 investigere,
1020 2623 1103 2687 nihil

94 2713 229 2796 adsequi
249 2712 407 2796 potuerit:
431 2733 514 2795 quae
536 2710 671 2776 consilio
696 2710 805 2794 aliquo
829 2714 886 2775 aut
909 2711 1035 2776 ratione
1058 2711 1104 2774 in·

93 2800 198 2866 veniri
220 2802 412 2884 potuerunt,
437 2800 571 2865 111νο1110
593 2803 683 2882 sunt,
707 2799 842 2883 iudices3
864 2798 1047 2863 manifestis
1070 2799 1104 2861 in

53 2890 191 2954 corebus
221 2888 387 2952 hominem
413 2887 480 2952 iam
508 2887 659 2953 videbitis
686 2887 799 2952 teneri.
843 2885 929 2951 Nem
958 2884 1043 2969 quod
1069 2885 1104 2949 in

93 2977 342 3062 publicanorum
356 2977 462 3042 causis
480 2977 532 3041 vel
551 2977 727 3061 plurimum
746 2975 865 3040 aetatis
884 2995 974 3038 meae
993 2994 1105 3038 versor

93 3065 367 3149 vehementerque
383 3064 479 3129 illum
498 3064 643 3129 ordinem
662 3064 809 3145 observo,
832 3062 913 3126 10111
937 3061 1104 3126 commode

93 3154 175 3220 mihi
206 3152 319 3218 videor
350 3174 463 3218 eorum
490 3152 754 3218 consuetudinem
780 3172 842 3214 usu
868 3148 1104 3234 tractandoque
1116 3199 1134 3262 Ἰ
1136 3200 1158 3263 4

94 3261 261 3329 cognosse.
288 3241 413 3325 Itaque,
426 3244 464 3304 ut
477 3241 540 3307 hoc
553 3239 705 3326 comperi,
718 3241 861 3303 remotas
876 3259 946 3302 esse
958 3237 1087 3302 litteras
1107 3276 1157 3326 182

54 3347 81 3388 ³⁵
95 3329 275 3412 societatis,
302 3329 405 3394 habui
427 3329 587 3394 rationem
610 3349 722 3393 eorum
744 3348 916 3413 annorum,
942 3347 1001 3410 per
1023 3347 1104 3410 quos

93 3418 156 3483 iste
183 3419 220 3484 in
242 3415 354 3482 Sicilia
375 3416 506 3499 fuisset3
535 3417 648 3481 deinde
672 3413 829 3499 quaesivi,
843 3414 943 3498 ·quod
966 3417 1037 3478 erat
1059 3415 1106 3479 in·

94 3509 194 3573 ventu
221 3505 428 3589 facillimum,
456 3505 512 3590 qui
539 3527 597 3590 per
625 3525 679 3568 001
709 3523 810 3566 0111101
838 3501 990 3586 magistri
1015 3502 1105 3567 illius
