2604 3880
462 224 539 282 CAP.
554 230 622 280 2-4
642 230 656 292 5
674 230 770 280 5-13.
1060 225 1123 292 103

109 368 258 434 omnium
280 391 378 436 causa
401 370 442 436 ad
464 391 536 436 eam
558 372 686 455 partem
709 369 882 436 accessisse
905 369 950 434 rei
974 369 1123 454 publicae

108 457 330 522 sublevandae
335 479 450 543 ,quae
473 458 612 524 maxime
634 458 809 524 laboraret.

177 543 282 630 Nune,
306 546 468 631 quoniam,
491 547 608 648 quibus
628 546 725 611 rebus
749 546 905 612 adductus
929 546 970 612 ad
992 567 1122 612 eausam
1144 567 1177 617 ιο

108 634 317 718 accesserim,
344 634 492 700 demonst
478 635 576 718 travi,
603 633 772 700 dicendum
799 634 981 701 necessario
1011 638 1061 700 est
1047 635 1123 700 tde

78 722 319 789 scortentione
354 726 481 825 nostra,
517 725 567 807 ut,
603 722 638 787 in
673 722 899 789 constituendo
936 726 1123 790 accusatore

107 809 188 895 quid
208 810 300 895 sequi
313 811 417 896 possit
418 810 456 895 is,
403 773 599 876 ιιιιιιιι
575 815 627 876 t.1s
654 809 768 897 Ego
742 833 788 877 ιιι
802 811 968 898 intellego,
988 811 1123 877 ιιιιιιι.

106 921 183 964 oum
199 897 238 963 de
252 899 395 984 pecuniis
409 899 596 985 repetundis
614 920 733 964 nomen
734 899 931 1001 'cuiuspiam
951 899 1124 982 deferatur,

106 987 137 1051 si
161 989 328 1052 certamen
348 987 434 1052 inter
452 987 584 1090 aliquos
608 986 664 1072 sit,
692 987 744 1053 cui
765 987 971 1072 potissimum
1001 987 1099 1053 delet
1076 992 1122 1052 ιιο

106 1075 164 1140 det
150 1078 218 1159 tur,
249 1074 328 1140 haee
356 1074 461 1141 duo
450 1097 486 1140 m
515 1075 630 1161 primis
659 1075 799 1160 spectari
832 1080 994 1160 oportere,
1027 1097 1123 1160 quem

64 1163 251 1230 romaxime
283 1163 386 1228 velint
418 1167 561 1229 actorem
594 1184 664 1230 erse
695 1163 733 1247 ii,
765 1163 881 1247 quibus
914 1164 1020 1231 factae
1052 1184 1123 1229 esse

106 1251 297 1317 dieantur
286 1251 436 1334 miuriae,
464 1255 497 1317 et
525 1274 621 1336 quem
648 1251 780 1317 minime
809 1252 888 1316 velit
917 1252 959 1337 is,
989 1253 1123 1337 quisae

105 1339 247 1404 iniurias
269 1338 385 1405 fecisse
408 1344 574 1427 arguatur.
1141 1393 1161 1456 4

175 1428 216 1492 In
226 1426 288 1494 hae
298 1449 404 1512 eausa,
416 1428 546 1513 iudices,
559 1427 693 1494 tametsi
706 1433 881 1513 utrumque
895 1449 965 1494 esse
980 1428 1123 1494 arbitror
1143 1469 1175 1519 11

104 1516 325 1602 perspicuum,
348 1519 459 1582 tamen
481 1517 520 1581 de
543 1520 681 1601 utroque
704 1517 818 1600 dicam,
844 1520 877 1582 ιι
900 1518 938 1582 de
962 1538 1000 1582 eo
1023 1518 1123 1602 prius,

62 1631 89 1672 ιι
105 1605 197 1690 quod
225 1605 312 1689 apud
337 1626 396 1670 vos
421 1605 624 1707 plurimum
627 1604 723 1670 debet
753 1606 875 1690 valere,
907 1605 969 1671 hoc
1001 1608 1052 1670 est
1083 1605 1123 1670 de

104 1694 279 1760 voluntate
298 1713 418 1777 eorum,
442 1693 589 1777 quibus
578 1692 716 1758 rniuriae
739 1693 845 1759 factae
869 1697 962 1777 sunt,
986 1714 1123 1777 quorum

104 1802 209 1848 eausa
230 1780 385 1846 iudicium
403 1781 442 1846 de
460 1781 604 1866 pecuniis
623 1785 715 1866 repet
700 1781 810 1847 tundis
830 1784 880 1846 est
898 1782 1123 1846 constitutum.

104 1868 256 1935 Siciliam
278 1869 477 1954 provinciam
500 1867 535 1936 Q.
558 1868 677 1934 Verres
702 1891 760 1955 per
784 1869 960 1934 triennium
983 1868 1123 1954 depopu-

103 1959 197 2023 latus
232 1978 362 2042 esse,
344 1954 526 2023 Siculorum
558 1957 706 2024 civitates
734 1962 896 2041 vastasse,
927 1956 1041 2023 domos
1071 1978 1122 2021 ex·

61 2046 266 2130 minorissa,
299 2046 377 2110 sana
403 2045 562 2130 spoliasse
594 2046 672 2111 dicit
674 2068 720 2112 ur
770 2045 912 2128 Adsunt,
945 2048 1124 2129 queruntur

92 2133 212 2200 'Siculi
233 2133 386 2218 universi,
409 2134 450 2198 ad
473 2156 580 2199 meam
602 2134 708 2218 fidem,
732 2156 830 2218 quam
852 2134 977 2198 habent
1000 2137 1123 2218 specta·

103 2228 179 2288 tam
208 2221 274 2286 iam
303 2225 336 2286 et
359 2223 538 2308 cognitam,
566 2221 772 2307 confugiunt,
800 2221 955 2288 auxilium
979 2221 1043 2287 sibi
1065 2244 1124 2307 per

103 2332 161 2376 me
190 2333 211 2375 a
236 2309 330 2376 vobis
355 2312 456 2394 ¹atque
484 2332 504 2376 a
530 2309 644 2395 populi
671 2309 811 2375 Romani
837 2310 967 2397 legibus
998 2313 1124 2396 petunt,

103 2420 161 2464 me
185 2397 388 2463 defensorem
407 2397 631 2464 calamitatum
650 2419 792 2482 suarum,
814 2421 866 2464 me
883 2400 1025 2464 ultorem
1042 2399 1123 2463 iniu-

61 2515 88 2555 ιι
103 2488 248 2571 riarum,
275 2507 326 2551 me
350 2486 551 2572 cognitorem
573 2487 654 2551 iuris
677 2487 742 2570 sui,
766 2508 818 2552 me
841 2491 984 2553 actorem
1008 2508 1123 2553 causae

102 2575 214 2642 totius
237 2595 308 2640 esse
330 2575 511 2640 voluerunt.
555 2573 689 2657 Utrum,
716 2572 752 2650 Q.
776 2573 909 2660 Caecili,
937 2575 999 2642 hoc
1028 2576 1124 2659 dices,
1144 2597 1176 2646 ιι

104 2685 161 2730 me
191 2684 259 2728 non
286 2659 468 2728 Siculorum
499 2666 596 2749 rogat
597 2685 618 2727 u
582 2662 692 2727 tad
723 2685 854 2729 causam
887 2664 1049 2747 accedere,
1082 2686 1124 2728 ιιι

103 2751 310 2837 optimorum
350 2751 677 2836 fidelissimorumque
719 2753 880 2818 sociorum
921 2753 1035 2817 volunt
1021 2755 1123 2816 tatem

105 2839 197 2925 apud
220 2839 280 2904 hos
305 2860 439 2924 gravem
462 2860 621 2904 essenon
648 2841 820 2924 oportere?
864 2838 900 2906 si
927 2840 960 2904 id
990 2839 1123 2904 audebis

62 2955 89 2996 so
105 2929 225 3010 dicere,
249 2927 336 3011 quod
358 2925 392 2993 O.
415 2925 544 3011 Verres,
567 2927 618 2993 ιιι
641 2931 674 2992 ιι
695 2928 863 2994 inimicum
886 2949 956 2994 esse
980 2927 1124 3010 simulas,

104 3015 252 3082 maxime
275 3015 454 3080 existimari
471 3017 553 3101 vult,
576 3013 702 3082 Siculos
720 3015 783 3082 hoo
801 3039 821 3083 a
840 3037 974 3082 menon
993 3017 1123 3100 petisse,

103 3104 252 3190 primum
279 3125 411 3168 causam
438 3103 561 3171 inimici
588 3102 637 3169 tui
665 3104 864 3188 sublevabis,
896 3103 935 3168 de
963 3125 1027 3187 quo
1058 3125 1123 3168 non

104 3191 352 3278 praeiudicium,
375 3192 432 3257 sed
454 3193 552 3277 plane
566 3192 727 3259 'iudicium
750 3191 815 3258 iam
840 3192 962 3258 factum
981 3194 1124 3276 putatur,

106 3281 197 3366 quod
228 3279 277 3345 ita
308 3280 522 3366 percrebruit,
557 3278 682 3348 Siculos
715 3303 827 3346 ornnes
867 3283 1010 3346 actorem
1047 3301 1123 3345 suae

62 3397 89 3438 re
105 3390 227 3435 causae
262 3372 376 3434 contra
406 3369 496 3434 illius
529 3369 663 3434 iniurias
697 3369 869 3454 quaesisse.
923 3369 995 3434 Hoc
1023 3369 1050 3432 si
1078 3372 1123 3454 tn,
1145 3389 1177 3440 ιι

103 3457 261 3523 inimicus
284 3455 361 3536 eius,
380 3455 502 3524 iactum
525 3458 675 3543 negabis,
699 3456 785 3542 quod
807 3457 886 3542 ipse,
910 3456 961 3523 oui
984 3456 1123 3523 maxime

103 3545 189 3612 haec
208 3565 262 3609 res
281 3545 400 3630 obstat,
423 3567 544 3632 negare
565 3567 632 3612 non
654 3546 760 3630 audet,
783 3545 901 3633 videto,
924 3567 965 3611 ne
986 3547 1123 3611 nimium
