2524 3876
159 157 205 219 44
327 154 399 209 PRO
419 153 496 210 SEX.
515 153 643 210 ROSCIO
662 151 831 208 AMERINO
851 149 996 206 ORATIO.

160 300 248 364 modi
266 300 481 385 perniciosam
500 303 597 383 atque
615 299 853 364 intolerandam
867 297 1049 382 potentiam
1064 295 1167 380 primo

161 410 289 472 quoque
311 392 457 472 tempore
481 389 668 473 extinguere
692 391 788 471 atque
812 386 996 470 opprimere
1020 385 1153 449 debetis.

107 497 141 544 37
228 476 390 542 Occidisse
407 480 536 560 patrem
555 474 624 540 Sex.
639 476 775 540 Roscius
795 475 953 560 arguitur.
982 471 1170 554 Scelestum,

161 564 193 629 di
212 566 428 648 immortales,
455 587 493 630 ac
520 564 679 629 nefarium
707 564 832 628 facinus
860 567 958 647 atque
982 562 1051 626 eius
1075 562 1170 644 modi,

161 675 225 737 quo
249 676 313 718 uno
337 653 497 718 maleficio
521 654 643 718 scelera
667 653 776 717 omnia
803 652 961 736 conplexa
988 672 1058 715 esse
1085 649 1194 715 vide-s

161 745 270 806 antur!
317 741 447 807 Etenim
479 741 522 825 si,
551 740 585 805 id
618 742 702 825 quod
731 741 897 824 praeclara
925 762 945 804 a
972 738 1171 824 sapientibus

162 829 292 911 dicitur,
319 833 412 896 vultu
442 851 536 914 saepe
559 829 700 894 laeditur
722 829 841 913 pietas,
869 827 955 912 quod
978 827 1171 912 supplicium

164 918 244 984 satis
272 941 344 984 acre
371 918 550 1004 reperietur
577 918 611 982 in
638 939 725 1001 eum,
758 918 814 1001 qui
844 921 984 982 mortem
1017 915 1171 981 obtulerit

163 1008 313 1092 parenti?
342 1030 401 1092 pro
425 1028 489 1091 quo
513 1006 597 1072 mori
618 1005 740 1090 ipsum,
763 1006 792 1070 si
813 1027 864 1069 res
888 1001 1081 1090 postularet,
1103 1004 1171 1068 iura

109 1096 272 1164 redivina
299 1099 396 1180 atque
423 1095 567 1172 humana
592 1096 761 1180 cogebant.
811 1093 851 1158 In
878 1092 940 1159 hoc
967 1096 1076 1176 tante,
1105 1096 1171 1156 tam
1185 1118 1205 1156 u

163 1184 274 1267 atroci,
298 1188 367 1248 tam
390 1183 548 1269 singulari
571 1183 739 1266 maleficio,
763 1183 848 1266 quod
870 1182 918 1247 ita
941 1203 1014 1246 raro
1039 1181 1172 1263 exstitit,

162 1275 208 1356 ut,
231 1270 410 1354 siquando
434 1272 579 1336 auditum
603 1272 656 1355 sit,
678 1270 823 1355 portenti
846 1292 884 1336 ac
906 1269 1049 1355 prodigii
1068 1269 1171 1335 simile

161 1363 363 1443 numeretur,
404 1360 521 1442 quibus
562 1361 707 1443 tandem,
749 1357 783 1424 O.
819 1359 930 1443 Eruci,
972 1358 1172 1444 argumentis

163 1451 384 1513 accusatorem
411 1470 521 1512 censes
548 1448 598 1512 uti
621 1448 793 1533 oportere?
819 1469 926 1512 nonne
949 1451 983 1511 et
1005 1447 1172 1512 audaciam

164 1535 246 1620 eius,
274 1536 329 1620 qni
351 1537 386 1600 in
408 1536 530 1600 crimen
552 1541 697 1618 vocetur,
726 1537 925 1621 singularem
948 1536 1120 1600 ostendere
1142 1539 1172 1598 et
1185 1560 1205 1600 a

163 1645 269 1688 mores
300 1624 387 1690 feros
418 1625 656 1708 immanemque
686 1629 838 1689 naturam
877 1628 910 1690 et
946 1624 1050 1688 vitam
1087 1623 1172 1687 vitiis

162 1712 361 1798 flagitiisque
385 1715 534 1778 omnibus
562 1713 718 1795 deditam,
746 1716 804 1794 [et]
832 1713 969 1796 denique
997 1712 1108 1776 omnia
1136 1712 1173 1776 ad

162 1801 337 1886 perniciem
359 1802 535 1888 profligata
558 1805 655 1885 atque
678 1801 826 1885 perdita?
864 1799 1008 1876 Quorum
1032 1804 1070 1864 tu
1093 1799 1173 1864 nihil

162 1890 198 1954 in
233 1887 303 1954 Sex.
337 1890 490 1956 Roscium
526 1912 567 1954 ne
604 1889 763 1955 obiciendi
799 1890 928 1973 quidem
965 1910 1065 1953 causa
1103 1910 1173 1953 con-

112 1979 361 2132 ,4tuhsrtpbrem
389 2067 506 2132 occidit
534 2065 595 2131 Sex
626 2066 763 2132 Roscius
818 2064 880 2141 Qui
912 2065 1033 2130 homo?
1068 2004 1205 2130 adulam

110 2111 144 2158 ³⁹
164 2154 327 2220 scentulus
342 2158 513 2239 corruptus
531 2159 565 2220 et
580 2117 621 2218 ab
640 2117 825 2219 hominibus
844 2175 983 2237 nequam
1001 2152 1174 2218 inductus?

163 2241 276 2307 Annos
303 2246 401 2306 natus
429 2243 534 2307 maior
560 2243 786 2328 qnadraginta.
831 2240 934 2306 Vetus
957 2241 1113 2306 uidelicet
1134 2242 1175 2306 si-

163 2330 283 2411 carius,
312 2329 410 2396 homo
439 2331 544 2396 audax
574 2334 607 2395 et
630 2353 725 2414 saepe
749 2332 783 2394 in
805 2330 901 2395 caede
924 2334 1085 2395 versatus.
1131 2330 1175 2394 At

162 2419 226 2483 hoc
249 2419 290 2483 ab
314 2422 500 2484 accusatore
523 2441 563 2483 ne
586 2418 650 2484 dici
673 2419 802 2503 quidem
824 2417 969 2483 audistis.
1015 2417 1174 2483 Luxuries
1187 2443 1208 2482 a

162 2507 265 2591 igitur
291 2507 456 2572 hominem
483 2507 637 2573 nimirum
670 2511 703 2571 et
739 2507 822 2572 aeris
854 2506 952 2572 alieni
981 2507 1174 2593 magnitudo

164 2598 198 2660 et
210 2595 387 2660 indomitae
402 2595 502 2659 animi
516 2595 710 2679 cupiditates
725 2595 766 2659 ad
779 2594 840 2660 hoo
850 2595 954 2659 scelus
964 2594 1175 2680 impulerunt.

163 2683 213 2748 De
240 2683 365 2749 luxurie
391 2684 547 2769 purgavit
572 2683 723 2766 Erucius,
753 2705 825 2748 cum
854 2683 936 2747 dixit
962 2683 1049 2748 hunc
1076 2705 1120 2749 ne
1141 2684 1174 2746 in

163 2772 311 2838 convivio
339 2771 469 2857 quidem
495 2773 564 2837 ullo
596 2771 663 2836 fere
694 2772 888 2836 interfuisse.
938 2769 1031 2836 Nihil
1065 2776 1174 2837 autem

162 2884 317 2946 umquam
337 2860 456 2925 debuit.
498 2859 700 2945 Cupiditates
718 2881 816 2945 porro
837 2881 919 2943 quae
941 2864 1081 2945 possunt
1106 2881 1208 2925 essese

161 2951 197 3014 in
229 2972 280 3033 eo,
313 2949 381 3034 qui,
413 2953 450 3013 ut
481 2949 551 3035 ipse
584 2953 753 3015 accusator
785 2949 916 3030 obiecit,
947 2949 1016 3013 ruri
1045 2969 1175 3034 semper

161 3037 321 3104 habitarit
335 3043 369 3103 et
383 3038 418 3102 in
437 3059 517 3124 agro
536 3037 670 3103 colendo
688 3037 827 3102 vixerit?
847 3058 929 3120 quae
947 3036 1016 3102 vita
1033 3037 1174 3102 maxime

162 3127 323 3192 disiuncta
350 3150 370 3191 a
397 3127 573 3211 cupiditate
602 3131 635 3191 et
666 3149 740 3191 cum
772 3125 878 3191 officio
911 3125 1084 3191 coniuncta
1117 3128 1173 3190 ost.

108 3234 143 3286 40
163 3213 252 3291 Quae
280 3237 331 3280 res
358 3215 462 3302 igitur
493 3218 622 3280 tantum
653 3215 754 3279 istum
784 3213 928 3279 furorem
956 3211 1026 3278 Sex.
1054 3213 1172 3280 Roscio

163 3302 303 3369 obiecit?
353 3302 481 3388 ‘Patri',
512 3303 631 3388 inquit,
664 3301 740 3368 ‘non
767 3300 938 3388 placebat?
987 3302 1081 3367 Patri
1108 3323 1171 3367 nou
1184 3322 1205 3364 a

162 3391 335 3474 placebat?
363 3414 460 3476 quam
488 3392 530 3456 ob
564 3392 716 3456 causam?
741 3412 871 3456 necesse
903 3394 953 3455 est
981 3390 1069 3455 enim
1102 3411 1170 3455 eam

162 3499 290 3561 quoque
308 3479 428 3544 iustam
448 3483 481 3543 et
499 3501 653 3565 magnam
672 3483 705 3543 et
723 3479 927 3564 perspicuam
944 3477 1055 3544 fuisse.
1086 3477 1169 3544 Nam
