2604 3880
411 200 489 256 chr.
510 207 613 256 ιι-ιι
632 207 648 268 e
666 208 780 258 42-49.
1037 205 1100 267 113

87 342 173 408 Mihi
201 343 289 408 enim
310 345 439 410 videtur
461 346 639 430 periculum
662 346 745 429 fore,
773 368 813 412 ne
835 346 893 412 ille
915 368 981 411 non
1004 347 1099 413 modo

88 431 199 496 verbis
231 436 265 498 te
298 433 429 517 obruat,
462 434 518 498 sed
551 439 645 519 gestu
672 435 744 519 ipso
772 456 810 500 ac
837 438 928 500 motu
956 435 1099 520 corporis

87 520 315 607 praestringat
333 522 435 586 aciem
452 522 576 608 ingenii
593 522 643 586 tui
665 526 761 607 teque
785 523 826 588 ab
849 523 1010 588 institutis
1033 524 1099 588 tuis

88 608 410 709 cogitationibusque
426 611 573 675 abducat
605 610 715 696 Atque
729 611 861 676 huiusce
879 633 927 676 rer
918 612 1100 677 iudicium
1118 623 1152 674 47

59 697 157 760 riam
175 698 329 763 continuo
348 698 441 764 video
463 697 619 763 futurum.
661 697 695 764 Si
719 699 805 763 enim
828 699 909 764 mihi
931 700 1027 764 hodie
1050 722 1100 764 re-

88 785 249 868 spondere
281 786 323 851 ad
354 786 447 870 haec,
479 808 562 870 quae
594 787 680 870 dico,
711 788 871 870 potueris,
903 788 931 852 si
963 790 1005 853 ab
1033 788 1112 852 isto

87 874 190 957 libro,
217 895 313 957 quem
339 874 403 939 tibi
430 875 587 960 magister
614 838 683 939 ludi
709 876 817 940 nescio
844 876 898 959 qui
922 897 961 940 cx
984 877 1098 940 alienis

87 983 148 1026 ora
148 962 293 1027 tionibus
321 963 538 1046 compositum
566 963 665 1042 dedit,
693 964 793 1028 verbo
816 985 880 1028 uuo
904 963 1099 1048 discesseris,

85 1071 187 1134 posse
213 1053 247 1114 te
274 1054 308 1114 et
334 1051 385 1114 illi
415 1073 540 1135 quoque
563 1051 680 1116 iudicio
702 1073 770 1116 non
792 1051 903 1116 deesse
928 1056 960 1116 et
983 1073 1098 1117 causae

46 1154 72 1193 1⁰
87 1143 188 1222 atque
216 1137 323 1203 officio
350 1143 407 1204 tuo
436 1139 517 1204 satis
543 1139 649 1204 facere
673 1140 872 1223 arbitrabor3
900 1141 951 1204 sin
974 1161 1099 1205 mecum

85 1227 122 1291 in
142 1226 205 1292 hac
223 1226 410 1309 prolusione
427 1227 510 1292 nihil
528 1227 638 1311 fueris,
662 1249 757 1312 quem
780 1231 813 1292 te
836 1228 871 1292 in
893 1228 966 1312 ipsa
987 1249 1098 1312 pugna

85 1337 162 1380 cum
186 1315 344 1380 acerrimo
368 1315 553 1380 adversario
576 1315 646 1380 fore
670 1317 844 1398 putemus?

153 1401 253 1486 Est03
275 1403 346 1488 ipse
363 1402 446 1468 nihil
465 1407 524 1486 est,
546 1403 629 1467 nihil
647 1407 771 1488 potest3
795 1408 830 1468 at
852 1405 942 1469 venit
963 1409 1098 1490 paratus
1110 1410 1151 1475 15

85 1513 162 1556 cum
180 1491 456 1576 subscriptoribus
476 1491 659 1557 exercitatis
678 1496 712 1556 et
730 1492 868 1556 disertis.
904 1493 966 1557 Est
988 1497 1099 1558 tamen

46 1593 72 1634 1⁶
85 1580 151 1644 hoe
184 1579 321 1664 aliquid,
355 1579 489 1644 tametsi
519 1601 586 1645 non
618 1584 669 1644 est
700 1580 794 1665 satis3
829 1581 979 1645 omnibus
1013 1582 1099 1645 enim

85 1668 185 1733 rebus
203 1668 248 1751 is,
271 1667 328 1752 qui
349 1668 498 1753 princeps
520 1668 556 1732 in
578 1668 703 1753 agendo
728 1673 790 1750 est,
814 1670 1042 1734 ornatissimus
1065 1673 1099 1733 et

84 1755 317 1841 paratissimus
337 1777 407 1820 esse
428 1757 531 1822 debet.
567 1755 689 1820 Verum
714 1761 824 1821 tamen
845 1755 881 1820 L.
900 1756 1098 1842 Appuleium

85 1866 158 1909 esse
191 1844 286 1909 video
318 1845 502 1928 proximum
534 1845 801 1929 subscriptorem,
835 1844 1000 1909 hominem
1032 1866 1098 1909 non

84 1937 210 2016 aetate,
244 1931 300 1996 sed
329 1953 390 1997 usu
417 1931 539 1997 forensi
566 1936 664 2017 atque
693 1932 923 2000 exercitatione
950 1933 1098 1997 tironem.

44 2035 71 2076 20
84 2020 226 2102 Deinde,
258 2024 297 2084 ut
326 2020 453 2105 opinor,
485 2021 584 2085 habet
611 2020 778 2105 Alienum,
805 2020 891 2085 hunc
918 2025 1028 2085 tamen
1056 2021 1097 2084 ab
1117 2032 1151 2081 48

85 2109 267 2191 subselliis3
292 2108 348 2192 qui
366 2107 443 2192 quid
460 2108 494 2172 in
518 2108 651 2173 dicendo
673 2113 794 2194 posset,
816 2130 993 2192 numquam
1017 2109 1097 2172 satis

84 2197 224 2278 attendi,
247 2196 470 2260 inclamando
489 2196 618 2280 quidem
635 2197 730 2261 video
754 2219 827 2262 eum
851 2219 921 2261 esse
944 2197 1026 2262 bene
1048 2218 1098 2260 ro·

83 2286 222 2350 bustum
254 2287 352 2367 atque
384 2284 603 2349 exercitatum.
652 2284 693 2348 In
721 2285 783 2349 hoc
813 2306 886 2369 spes
915 2289 992 2350 tuae
1022 2288 1098 2349 sunt

85 2393 216 2454 omncs,
243 2371 310 2456 hic,
339 2372 368 2436 si
389 2376 427 2436 tu
450 2373 513 2436 eris
537 2377 629 2438 actor
650 2373 860 2456 constitutus,
887 2377 994 2439 totum
1017 2372 1097 2437 iudi-

44 2475 70 2515 25
84 2463 174 2526 cium
202 2460 387 2526 sustinebit.
432 2460 479 2524 At
505 2482 546 2525 ne
567 2461 597 2524 is
620 2461 749 2544 quidem
772 2464 902 2525 tantum
924 2461 1098 2526 contendet

82 2550 120 2614 in
140 2548 285 2630 dicendo,
308 2552 466 2633 quantum
488 2552 606 2633 potest,
630 2549 686 2612 sed
709 2550 856 2614 consulet
879 2549 967 2613 laudi
991 2553 1024 2614 et
1047 2571 1098 2613 ex-

83 2636 285 2702 istimationi
302 2641 378 2701 tuae
397 2641 487 2701 etex
506 2657 554 2720 eo,
577 2636 663 2720 quod
680 2637 751 2721 ipse
769 2640 879 2721 potest
891 2637 932 2722 in
955 2637 1097 2718 dicende,

84 2727 294 2810 aliquantum
312 2725 466 2808 remittet,
488 2727 526 2788 ut
544 2728 581 2789 tu
599 2728 709 2788 tamen
729 2725 852 2809 aliquid
871 2745 941 2789 esse
959 2725 1096 2789 videare.

83 2813 133 2878 Ut
162 2813 199 2877 in
228 2813 393 2878 actoribus
421 2812 552 2878 Graecis
580 2812 651 2876 fieri
677 2812 837 2897 videmus,
870 2832 966 2897 saepe
993 2812 1096 2891 illum,

44 2917 70 2956 ιο
85 2901 144 2986 qui
162 2905 214 2965 est
232 2901 444 2966 secundarum
463 2905 520 2965 aut
537 2904 603 2964 tert
589 2900 710 2964 tiarum
726 2901 880 2985 partium,
901 2921 973 2965 cum
992 2899 1097 2982 possit

84 2990 258 3073 aliquanto
277 2989 397 3054 clarius
416 2989 520 3054 dicere
540 3011 638 3072 quam
655 2989 725 3073 ipse
745 2989 934 3073 primarum,
957 2987 1098 3050 multum

84 3077 372 3180 summittere,ut
335 3077 456 3141 utille
482 3077 632 3162 princeps
661 3098 758 3160 quam
786 3076 925 3141 maxime
951 3074 1097 3156 excellat,

83 3166 133 3231 sic
169 3164 269 3230 faciet
300 3164 450 3248 Alienus,
486 3165 549 3229 tibi
586 3165 716 3248 serviet,
753 3165 815 3229 tibi
851 3161 1097 3242 lenocinahitur,

82 3255 196 3319 minus
228 3253 396 3337 aliquanto
426 3252 612 3336 contendet,
644 3275 741 3337 quam
769 3254 888 3338 potest.
936 3249 1007 3314 Iam
1034 3249 1097 3314 hoc
1115 3260 1148 3308 49

42 3358 68 3398 ³⁵
83 3342 304 3423 considerate,
332 3341 423 3406 cuius
449 3341 538 3407 modi
566 3340 805 3406 accusatores
795 3361 831 3403 ιιι
856 3342 950 3403 tanto
916 3337 1095 3402 tiudicio

83 3431 189 3495 simus
216 3428 311 3494 habit
296 3429 376 3513 turi,
403 3451 476 3494 cunr
499 3429 565 3493 et
555 3451 625 3514 rpse
648 3428 783 3492 Alienus
807 3449 846 3491 en
869 3448 907 3491 ea
929 3425 1096 3510 facultate,

83 3520 113 3584 ai
147 3539 249 3603 quam
277 3517 390 3597 habet,
422 3517 625 3602 aliquantum
654 3517 856 3581 detracturus
885 3515 929 3579 sit
956 3519 990 3579 et
1017 3513 1096 3580 Gae-

135 3630 195 3673 010.
209 3631 243 3671 ΙΙ,
266 3631 285 3671 1,
866 3623 882 3673 8
