2590 3884
335 213 436 269 LIRI
476 213 555 269 CAP.
575 220 617 283 44,
637 219 671 268 45
690 219 706 278 s
724 221 872 270 rra-11⁷.
1046 218 1109 282 183

96 354 256 422 Minucius
287 357 421 442 quidam
443 362 590 424 mortuus
615 362 666 424 est
689 363 764 437 ante
786 359 888 424 istum
911 365 1110 448 praetorem,

97 444 161 508 eius
173 449 414 511 testamentum
424 450 495 512 erat
506 448 646 531 nullum;
661 448 733 533 lege
745 448 908 514 hereditas
924 450 965 514 ad
979 455 1110 537 gentem

95 529 274 598 Minuciam
302 535 463 600 veniebat.
503 532 538 600 Si
563 535 733 602 habuisset
754 537 819 602 iste
842 537 995 622 edictum,
1024 540 1111 624 quod

96 624 169 685 ante
191 622 299 688 istum
324 628 358 688 et
379 628 493 708 postea
516 645 626 690 ornnes
650 625 842 710 habuerunt,
864 627 1028 711 possessio
1051 628 1111 692 Mi·

74 709 208 774 ⁵nuciae
223 711 320 796 genti
336 716 422 777 esset
440 713 530 796 data;
549 713 577 778 si
596 714 668 798 quis
686 716 885 780 testamento
904 735 939 779 se
958 714 1109 782 heredem

97 819 165 864 esse
188 799 425 885 arbitraretur,
448 801 535 885 quod
557 804 628 866 tum
650 824 716 868 non
739 805 877 884 extaret,
901 803 974 888 lege
998 808 1110 890 ageret

96 885 129 948 in
149 885 372 954 hereditatem
396 893 461 974 aut,
484 911 543 974 pro
566 891 685 974 praede
708 889 777 954 litis
800 891 1013 956 vindiciarum
1036 915 1111 958 cum

98 975 176 1039 satis
200 977 396 1060 accepisset,
425 977 632 1062 sponsionem
653 978 776 1044 faceret
799 982 832 1043 et
855 979 902 1043 ita
924 979 963 1044 de
986 978 1111 1046 heredi·

96 1064 164 1128 tate
186 1069 341 1130 certaret.
381 1065 466 1150 Hoc,
489 1067 618 1150 opinor,
640 1067 710 1132 iure
733 1070 766 1131 et
788 1067 926 1132 maiores
948 1069 1055 1133 nostri
1077 1073 1111 1134 et

63 1163 156 1215 ¹⁰nos
174 1174 308 1237 semper
325 1155 377 1219 usi
396 1176 515 1220 sumus,
547 1153 672 1238 Videte,
695 1159 733 1220 ut
755 1155 818 1220 hoc
839 1155 903 1220 iste
925 1159 1109 1222 correxerit.

99 1236 276 1326 Componit
309 1242 449 1308 edictum
479 1243 521 1306 iis
549 1243 669 1327 verbis,
702 1247 738 1308 ut
766 1243 872 1327 quivis
899 1244 1163 1332 intellegerent

98 1334 208 1410 posset
229 1331 327 1396 unius
351 1331 493 1396 hominis
517 1353 614 1396 causa
635 1330 855 1416 conscriptum
879 1354 958 1416 esse,
982 1337 1111 1400 tantum

100 1417 183 1498 quod
210 1419 380 1484 hominem
407 1441 473 1485 non
500 1419 662 1503 nominat,
689 1441 820 1485 causam
848 1420 978 1505 quidem
1005 1427 1110 1488 totam

99 1507 286 1591 perscribit,
325 1508 390 1592 ius,
431 1509 710 1593 cousuetudinem,
750 1509 963 1593 aequitatem,
1005 1510 1111 1577 edicta

67 1595 246 1660 nomnium
265 1596 420 1681 neglegit.
457 1595 506 1660 Ex
529 1612 659 1662 nmero
682 1614 833 1663 ursano.
874 1595 910 1662 Si
931 1615 980 1662 un
1003 1617 1110 1664 nnan-

101 1697 232 1748 orrsnn
262 1701 454 1749 suciamus
477 1721 518 1731 -
545 1719 584 1732 -
614 1702 646 1751 sr
675 1702 868 1751 possessore
892 1702 1110 1752 SPONSIONEM

102 1785 172 1834 riori
193 1789 335 1838 rscrnr.
371 1772 440 1837 Iam
465 1773 541 1856 quid
565 1772 606 1838 ad
627 1777 821 1859 praetorem,
843 1777 917 1838 uter
941 1795 1111 1856 possessor

103 1856 165 1924 sit?
187 1882 297 1926 nonne
315 1861 348 1924 id
367 1861 480 1945 quaeri
498 1864 637 1944 oportet,
660 1865 770 1926 utrum
793 1882 1015 1946 possessorem
1039 1884 1110 1928 esse

104 1949 273 2028 oporteat?
309 1948 414 2035 Ergo,
437 1949 514 2033 quia
536 1970 705 2034 possessor
728 1953 792 2033 est,
814 1971 880 2014 non
902 1971 1014 2015 mores
1037 1973 1110 2037 pos-

69 2037 257 2121 suessiona
281 2038 308 2102 si
326 2058 496 2122 possessor
513 2059 579 2103 non
602 2041 697 2122 esset,
719 2059 785 2104 non
808 2037 923 2103 dares?
946 2059 1109 2123 nusquam
1164 2085 1169 2092 -

104 2123 185 2190 enim
204 2125 329 2206 scribis,
351 2147 455 2210 nequa
473 2130 511 2191 tu
534 2126 622 2190 aliud
645 2126 819 2211 quicquam
842 2127 947 2192 edicto
971 2129 1109 2213 amplec-

104 2213 179 2278 teris
206 2215 271 2278 nisi
299 2236 371 2278 eam
399 2235 544 2298 causam,
566 2236 625 2298 pro
650 2236 714 2298 qua
736 2215 906 2298 pecuniam
931 2237 1108 2299 acceperas.

104 2294 169 2366 Iam
182 2302 245 2368 hoc
258 2302 430 2367 ridiculum
445 2306 508 2367 est:
527 2299 563 2367 Si
577 2320 625 2368 un
643 2320 871 2368 nnsnnmrnn
885 2320 1091 2370 semiannus
1110 2317 1161 2368 11⁷

105 2403 146 2452 rr
181 2407 344 2456 assonare
380 2407 599 2456 resarsurum
636 2407 856 2457 ossiorsrsn
894 2409 968 2458 riori
1001 2411 1109 2460 Mirus

16 2509 17 2512 ¹
71 2485 226 2545 ”nutris
250 2495 377 2562 siurim,
404 2496 501 2556 QUAM
522 2498 544 2544 u
566 2495 659 2544 Leon
683 2495 859 2564 oroarrer,
884 2498 932 2545 AD
955 2499 1004 2546 rna
1028 2500 1109 2549 Pso-

106 2580 301 2650 rnrrsrirun,
328 2583 516 2633 secernunt
539 2584 695 2633 resonas
719 2585 942 2634 TESTAMENTI
965 2587 1110 2638 Porrssr·

16 2703 17 2739 ,
105 2669 175 2720 lssm
189 2671 446 2722 posscssionum
460 2672 564 2720 osne.
591 2655 663 2720 Hoc
678 2657 918 2723 translaticium
932 2661 996 2741 est,
1018 2660 1110 2743 sequi

17 2751 19 2808 i
105 2738 180 2808 illud
207 2747 353 2829 oportet:
383 2741 420 2808 Sr
446 2761 607 2808 rsauusn
633 2761 855 2811 rrsrrunrerr
881 2763 955 2811 riori
981 2763 1108 2811 reorn-

17 2823 18 2876 ἶ
107 2844 251 2898 usurus.
293 2829 377 2906 Quid
396 2831 464 2896 ait?
488 2829 529 2896 Se
548 2832 578 2896 ei
596 2832 756 2917 daturum,
779 2834 888 2920 quise
911 2834 997 2898 dicat
1019 2834 1109 2898 here·

16 2879 19 3000 i
72 2915 180 2985 ⁸⁰dem
197 2941 277 2985 esse.
318 2918 402 2995 Quid
425 2941 503 3006 ergo
526 2919 676 3004 interest,
698 2921 906 3004 proferantur
928 2921 1050 2986 necue?
1074 2921 1109 2987 si

17 3005 18 3038 ¹
105 3009 288 3091 protblerit,
319 3030 383 3073 uno
416 3009 509 3094 signo
541 3013 579 3074 ut
611 3009 655 3074 sit
688 3010 807 3093 minue,
840 3031 938 3092 quam
971 3031 1009 3094 ex
1036 3009 1108 3094 lege

106 3102 240 3180 oportet,
261 3118 328 3161 non
348 3096 404 3162 des
423 3097 674 3182 possessionem
698 3098 727 3162 si
745 3098 875 3163 omnino
895 3096 1025 3161 tabulas
1042 3119 1109 3164 non

105 3185 253 3269 proferet,
275 3184 391 3250 dabis?
433 3183 517 3260 Quid
534 3207 619 3252 nunc
642 3186 748 3252 dicam
769 3185 932 3250 neminem
953 3205 1108 3270 umquam

105 3269 162 3339 hoc
199 3276 315 3356 postea
351 3273 452 3338 alium
489 3273 648 3340 edixisse?
687 3273 782 3338 valde
819 3273 863 3337 sit
899 3271 1018 3340 mirum
1054 3296 1107 3339 ne-

72 3362 221 3426 onmem
242 3360 356 3446 fuisse,
379 3362 437 3445 qui
457 3362 553 3427 istius
577 3384 611 3427 se
635 3362 774 3426 similem
798 3361 860 3425 dici
883 3361 990 3426 vellet.
1033 3361 1109 3447 Ipse

103 3448 135 3513 in
153 3447 313 3514 Siciliensi
331 3450 436 3516 edicto
456 3450 517 3516 hoc
535 3473 602 3516 non
620 3451 733 3533 habet3
757 3453 910 3535 exegerat
933 3451 1019 3516 enim
1041 3452 1107 3517 iam

104 3537 293 3619 mercedem3
319 3538 400 3604 item
426 3541 465 3602 ut
491 3538 550 3603 illo
574 3538 692 3619 edicto,
719 3537 759 3601 do
783 3559 846 3620 quo
869 3542 945 3602 ante
969 3539 1048 3624 dixi,
1073 3541 1107 3604 in
