2600 3878
343 167 411 224 111.
432 169 470 224 lv
501 168 578 225 cAP.
597 177 701 225 41-43
721 177 736 238 a
755 177 868 227 11-14.
1046 176 1114 242 403

23 365 24 404 3
104 312 234 400 publice
257 313 403 400 legatum
422 311 564 379 Poleam.
603 313 709 390 Quid?
731 315 760 380 is
783 315 840 381 ubi
863 319 935 383 est?
976 318 1112 386 Praesto

23 455 24 462 ,
106 405 165 486 111,
187 401 283 468 testis
303 405 361 466 est.
397 400 557 488 Proagori
575 400 708 488 Sopatri
725 403 824 469 iussu.
861 404 940 481 Quis
963 411 1014 473 est
1037 408 1113 474 hic?

23 543 25 584 ἱ
105 488 168 566 Qui
200 491 241 555 ad
272 493 416 556 statuam
449 490 623 557 adstrictus
655 495 715 557 est.
760 491 865 568 Quid?
897 494 926 560 is
956 496 1013 562 ubi
1040 497 1112 562 est?

23 633 24 672 q
104 577 244 645 Vidistis
271 578 436 644 hominem
464 581 497 642 et
524 580 624 645 verba
652 579 720 644 eius
743 581 888 646 audist'.
928 581 1112 650 1111111111-

76 667 183 732 edum
215 665 340 733 curavit
369 664 555 732 Demetrius
589 667 871 754 gymnasiarehus‚
903 672 990 754 quod
1020 671 1049 738 is
1082 673 1112 737 ei

22 787 25 838 q
105 756 178 822 loco
205 759 362 841 praeerat.
408 752 512 829 Quid?
540 755 602 821 hoc
623 777 684 822 nos
708 756 865 822 dicimus?
905 755 1010 825 Immo
1034 782 1111 827 vero

22 901 25 942 ἱ
104 843 175 929 ipsc
196 864 358 930 praesens.
399 841 523 908 Romae
545 865 649 928 nuper
670 842 778 928 ipsum
801 844 901 910 istum
925 867 995 913 esse
1017 849 1112 931 polli-

23 1001 24 1022 ἷ
105 933 206 999 citum
236 952 305 997 sese
327 931 361 996 id
384 931 514 1017 signum
537 931 656 1018 legatis
679 932 894 1018 redditurum,
921 934 951 998 si
973 934 1041 1000 eius
1064 937 1112 1002 rei

106 1019 292 1086 testificatio
305 1019 478 1086 tolleretur
496 1024 690 1104 cautumque
709 1024 795 1085 esset
813 1042 868 1087 eos
887 1021 1113 1088 testimonium

63 1125 92 1166 ιο
105 1131 173 1174 non
195 1129 265 1174 esse
288 1106 431 1174 dictmos
455 1143 498 1155 -
521 1108 602 1173 dixit
624 1109 687 1174 hoc
710 1109 795 1195 apud
817 1130 876 1176 vos
897 1109 1056 1196 Zosippus
1080 1114 1112 1175 et

22 1241 25 1280 3,
105 1197 275 1278 Ismenias,
307 1195 455 1262 homines
481 1196 679 1262 nobilissimi
707 1201 740 1261 et
765 1196 928 1283 principes
956 1197 1112 1282 Tyndari·

22 1291 24 1390 ἑ
105 1288 202 1352 tanae
225 1283 377 1351 civitatis.

173 1372 278 1450 Quid?
301 1372 485 1459 Agrigento
499 1394 606 1438 nonne
621 1372 764 1438 eiusdem
777 1371 813 1438 P.
823 1371 983 1458 Scipionis
1001 1396 1112 1444 1111111-
1121 1347 1165 1475 {3}

22 1461 23 1536 ἶ
105 1465 266 1545 mentum,
302 1460 432 1548 signum
460 1459 625 1546 Apollinis
657 1460 923 1545 pulcherrimum,
959 1461 1049 1528 cuius
1078 1462 1114 1527 in

22 1551 23 1568 ³
63 1565 92 1608 1⁵
105 1550 229 1616 femore
246 1549 367 1614 11111111
388 1547 523 1614 minutis
547 1548 709 1635 argenteis
732 1570 852 1614 nomen
872 1549 1018 1634 Myronis
1042 1553 1113 1616 1111

22 1709 23 1722 ¹
105 1637 308 1724 inscriptum,
326 1657 365 1702 ex
374 1636 550 1721 Aesculapi
567 1636 813 1723 religiosissimo
832 1636 908 1702 fano
928 1638 1112 1704 sustulisti?
1184 1679 1191 1704 1

22 1723 23 1778 Ῡ
106 1725 200 1802 Quod
228 1724 369 1810 quidem,
400 1724 535 1809 iudices,
567 1747 640 1790 cum
666 1725 729 1790 iste
756 1724 842 1790 olam
867 1724 1011 1810 fecisset,
1039 1748 1112 1792 cum

21 1829 23 1914 J
107 1815 148 1880 ad
180 1835 275 1879 suum
307 1813 411 1880 scelus
443 1813 526 1887 illud
552 1812 740 1897 furtumque
766 1811 927 1878 nefarium
955 1813 1113 1896 quosdam

21 1917 23 1990 j
106 1903 254 1970 homines
281 1901 449 1988 improbos
474 1901 569 1968 duces
594 1904 691 1986 atque
715 1900 878 1966 adiutores
902 1899 1113 1986 adhibuisset,

21 2001 23 2016 '
62 1989 638 2058 10111111111111111111111111111
662 1992 720 2054 est.
758 1986 833 2054 Uno
857 1987 943 2054 enim
965 1991 1112 2074 tempore

21 2135 23 2180 β
107 2078 317 2167 Agrigentini
344 2078 534 2145 beneficium
557 2076 718 2161 Africani,
745 2076 937 2162 religionem
960 2077 1112 2143 domesti-

21 2187 23 2254 ζ
106 2191 192 2253 cam,
228 2169 455 2233 ornamentum
491 2165 595 2249 urbis,
631 2164 785 2230 indicium
817 2164 986 2249 victoriae,
1021 2165 1113 2231 testi·

21 2261 22 2340 f
106 2256 251 2322 monium
284 2255 450 2322 societatis
482 2254 700 2339 requirebant.
748 2252 864 2337 Itaque
896 2253 937 2319 ab
970 2252 1024 2338 iis,
1056 2253 1113 2338 qui

106 2343 268 2430 principes
287 2343 322 2408 in
339 2365 378 2409 aa
396 2341 529 2410 civitate
548 2344 650 2426 erant,
671 2340 870 2428 praecipitur
888 2345 922 2407 11
943 2341 1112 2428 negotium

63 2448 92 2491 2⁶
108 2432 203 2499 datur
222 2431 448 2516 quaestoribus
467 2434 501 2496 et
519 2429 687 2514 aedilibus,
709 2435 746 2495 ut
763 2433 862 2496 noctu
885 2429 1015 2516 vigilias
1039 2451 1112 2517 age

106 2524 181 2586 rent
208 2520 249 2584 ad
277 2518 364 2585 aedis
392 2540 511 2586 sacras.
555 2517 686 2583 Etenim
712 2516 775 2583 iste
800 2516 976 2604 Agrigenti
1002 2514 1112 2602 (credo

106 2611 240 2694 propter
254 2607 495 2674 multitudinem
508 2607 641 2672 illorum
653 2604 822 2672 hominum
837 2607 935 2689 atque
948 2606 1113 2691 virtutem,

107 2699 141 2762 et
164 2695 250 2781 quod
272 2695 357 2762 cives
375 2695 524 2779 Romani,
546 2695 609 2761 viri
631 2695 733 2760 fortes
758 2698 856 2779 atque
878 2693 1017 2779 honesti,
1040 2715 1112 2778 per·

106 2785 204 2850 multi
230 2783 265 2848 in
289 2783 347 2850 illo
371 2783 490 2870 oppido
514 2782 779 2849 coniunctissimo
803 2781 911 2848 animo
935 2803 1008 2846 cum
1030 2781 1112 2866 ipsis

62 2889 96 2939 ιο.
106 2871 333 2960 Agrigentinis
347 2872 460 2938 vivunt
474 2893 512 2938 ac
524 2868 748 2958 negotiantur)
762 2890 829 2937 non
843 2868 983 2935 audebat
1001 2869 1112 2954 palam

106 2982 239 3048 poscere
253 2963 310 3026 aut
325 2961 451 3044 tollere,
469 2981 552 3045 quae
570 2961 752 3047 placebant.
783 2956 933 3024 Herculis
952 2957 1111 3040 templum
1131 2969 1166 3020 14

107 3054 158 3117 est
177 3048 263 3136 apud
276 3047 511 3135 Agrigentinos
528 3069 595 3114 non
612 3049 710 3134 longe
729 3069 750 3113 a
766 3045 838 3112 foro
863 3066 939 3110 sane
963 3049 1112 3110 sanctum

107 3139 193 3224 apud
211 3138 287 3203 illos
306 3140 340 3202 et
362 3136 559 3224 religiosum.
596 3135 648 3201 lbi
671 3138 721 3200 est
744 3155 783 3198 ex
806 3155 879 3198 aere
903 3132 1112 3199 simulacrum

405 3246 692 3400 <

63 3331 520 3490 8511111116111111113111111111
543 3400 649 3466 multa
671 3398 761 3483 vidi),
783 3420 885 3484 usque
908 3420 960 3483 eo,
982 3397 1112 3482 iudices,

107 3495 147 3556 ut
171 3491 289 3556 rictum
317 3490 385 3556 eius
414 3513 451 3557 ac
479 3491 624 3555 mentum
652 3488 749 3572 paulo
774 3487 817 3553 sit
839 3487 999 3573 attritius‚
1027 3487 1112 3575 quod

846 3591 901 3647 26*
