2622 3884
188 163 256 227 476
498 159 538 213 ΙΝ
557 159 585 214 (l.
599 157 754 216 VERREM
771 157 856 218 AGT..
869 159 903 213 11.

190 312 281 374 veste
300 306 398 372 domu
417 327 476 370 sua
498 308 570 371 tota
592 303 737 387 expilata
759 302 959 368 mentionem
983 307 1117 368 tuorum
1140 303 1207 368 fur-

191 404 301 462 torum
331 416 398 459 non
429 392 522 476 facit3
554 413 624 456 sese
654 391 763 475 ipsum
796 390 854 455 abs
886 394 920 456 te
952 391 1087 476 repetit,
1120 391 1206 456 nihil

192 483 346 568 amplius3
373 484 481 546 totum
508 480 594 545 enim
621 484 679 544 tua
705 478 840 544 libidine
868 483 902 544 et
929 480 1050 544 scelere
1079 501 1118 544 ex
1148 501 1207 544 sua

191 571 309 657 patria,
331 571 367 634 in
385 592 450 654 qua
468 568 580 634 multia
604 567 781 633 virtutibus
805 588 842 632 ac
864 567 1029 633 beneficiis
1053 568 1206 653 princeps

191 659 269 742 fuit,
301 657 472 724 sustulisti.
521 657 612 722 Dexo
639 655 706 739 hic,
739 677 835 739 quem
864 655 994 738 videtis,
1024 677 1092 720 non
1122 675 1230 740 quaes

192 747 322 833 publice
345 744 541 831 Tyndaride,
567 765 634 809 non
662 765 744 827 quae
772 743 927 828 privatim
955 743 1019 808 sibi
1047 744 1206 829 eripuisti,

194 836 250 902 sed
268 835 399 900 unicum
422 834 520 898 miser
543 832 602 897 abs
625 835 658 897 tc
680 831 786 896 filium
809 831 970 913 optimum
994 835 1093 915 atque
1116 833 1206 898 inno·

194 924 417 990 acutissimum
448 921 592 1007 flagitat,
623 941 690 986 non
719 940 759 984 ex
786 919 900 984 litibus
928 918 1112 985 aestimatis
1140 921 1205 987 tuis

194 1013 364 1099 pecuniam
385 1011 530 1094 domum,
554 1007 610 1074 scd
632 1030 672 1073 ex
693 1011 752 1071 tua
775 1007 962 1072 calamitate
984 1007 1085 1072 cineri
1108 1014 1206 1093 atque

195 1101 324 1168 ossibus
341 1099 403 1164 filii
421 1098 471 1164 aui
496 1096 654 1163 solacium
676 1097 748 1161 volt
771 1096 904 1179 aliquod
926 1100 1104 1180 reportare.
1144 1097 1206 1162 Hic
1221 1119 1243 1157 10

194 1193 264 1254 tam
284 1188 416 1275 grandis
438 1190 519 1251 natu
536 1184 702 1250 Eubulida
723 1183 786 1249 hoc
808 1187 938 1248 tantum
962 1189 1075 1250 exacta
1098 1191 1206 1251 aetate

195 1277 320 1343 laboris
351 1275 542 1358 itinerisque
574 1273 731 1358 suscepit,
762 1293 829 1338 non
855 1275 893 1336 ut
921 1272 1044 1356 aliquid
1072 1274 1112 1339 de
1140 1275 1206 1339 suis
1289 1301 1290 1350 p

195 1365 291 1430 bonis
309 1366 526 1447 recuperaret,
550 1362 606 1427 sed
628 1365 678 1445 ut,
702 1360 818 1445 quibus
842 1360 944 1426 oculis
967 1365 1119 1426 cruentas
1143 1384 1207 1428 cer·
1289 1355 1290 1448 l

196 1453 283 1518 vices
301 1451 361 1516 filii
385 1451 436 1516 sui
457 1450 593 1534 viderat,
615 1450 719 1514 isdem
742 1451 776 1513 te
799 1449 1049 1514 condemnatum
1073 1451 1206 1516 videret.

146 1554 195 1603 raa
215 1539 250 1604 Si
279 1561 337 1624 per
367 1538 404 1604 L.
427 1538 597 1603 Metellum
629 1537 755 1603 licitum
788 1539 886 1621 esset,
917 1537 1052 1622 iudices,
1083 1543 1205 1604 matres
1221 1557 1245 1598 1⁵
1289 1535 1290 1622 l

196 1631 328 1695 illorum
347 1628 540 1692 miserorum
559 1647 751 1710 sororesque
768 1625 956 1710 veniebant,
976 1648 1115 1710 quarum
1132 1649 1206 1712 una,

197 1740 270 1784 cum
298 1737 359 1802 ego
386 1714 427 1780 ad
449 1714 643 1780 Heracleam
663 1717 764 1780 noctu
786 1713 983 1798 accederem,
1010 1737 1085 1779 cum
1108 1717 1208 1782 omni·
1289 1771 1290 1774 ,

196 1808 258 1871 bus
277 1803 437 1870 matronis
456 1803 525 1868 eius
544 1801 686 1868 civitatis
704 1805 738 1867 et
757 1823 830 1868 cum
848 1802 962 1867 multis
980 1801 1107 1868 facibus
1128 1804 1208 1869 mihi

198 1894 327 1961 obviam
353 1891 455 1975 venit,
483 1895 516 1956 et
538 1891 586 1956 ita
608 1912 661 1957 me
684 1912 776 1955 suam
800 1891 941 1955 salutem
964 1891 1148 1977 appellans,
1176 1896 1207 1957 te

192 2003 293 2053 suum
312 1979 495 2046 carnificem
512 1979 694 2062 nominans,
715 1979 777 2042 filii
794 1999 916 2043 nomen
934 1979 1104 2064 inplorans
1128 1981 1243 2046 mihis
1289 2049 1290 2052 ,

198 2070 240 2136 ad
270 2068 376 2154 pedes·
398 2067 517 2132 misera
544 2068 657 2152 iacuit,
689 2067 783 2151 quasi
811 2088 872 2154 ego
901 2066 969 2132 eius
997 2067 1139 2134 excitare
1167 2071 1206 2134 ab

198 2158 310 2224 inferis
342 2156 445 2220 filium
474 2177 614 2240 possem.
657 2153 835 2220 Faciebant
861 2155 924 2220 hoc
950 2155 1064 2221 itidem
1093 2158 1207 2223 ceteris

199 2249 233 2311 in
247 2245 435 2312 civitatibus
455 2245 594 2330 grandes
612 2246 693 2308 natu
712 2247 832 2309 matres
851 2243 982 2308 etitem
1000 2244 1095 2328 parvi
1112 2246 1208 2311 liberi

199 2335 405 2416 miserorum3
429 2354 567 2416 quorum
585 2336 758 2415 utrumque
778 2335 868 2397 aetas
892 2332 1039 2397 laborem
1062 2336 1096 2398 et
1117 2334 1208 2400 indu·

199 2422 315 2486 striam
338 2442 456 2504 meam,
483 2421 580 2484 fidem
603 2423 636 2485 et
659 2420 913 2486 misericordiam
936 2424 1080 2486 vestram
1102 2423 1241 2506 requi-s

148 2521 199 2571 130
212 2509 315 2574 rebat.
337 2507 453 2593 Itaque
468 2509 508 2573 ad
523 2529 583 2591 me,
592 2507 722 2593 iudices,
731 2509 817 2574 hanc
831 2508 1066 2593 querimoniam
1079 2516 1208 2594 praeter

200 2602 323 2663 ceteras
347 2594 459 2662 Sicilia
485 2596 616 2680 detulit,
643 2596 796 2662 lacrumis
824 2617 885 2682 ego
910 2596 986 2682 huc,
1013 2619 1079 2663 non
1102 2599 1208 2685 gloria

200 2687 351 2752 inductus
384 2684 517 2768 accessi,
548 2706 588 2748 ne
617 2684 703 2750 falsa
732 2685 913 2770 damnatio,
944 2706 985 2750 ne
1015 2707 1137 2771 carcer,
1168 2709 1207 2752 na

200 2779 400 2858 catenae,ne
418 2773 622 2855 verberans
641 2794 779 2858 secures,
798 2795 840 2838 ne
858 2773 1018 2838 cruciatus
1038 2774 1207 2860 sociorum,
1289 2787 1290 2792 ’

199 2885 240 2928 ne
259 2863 393 2948 sanguis
411 2860 641 2946 innocentium,
663 2882 704 2926 ne
724 2861 859 2948 denique
879 2861 978 2928 ctiam
997 2864 1238 2949 exsanguiumo

201 2973 338 3036 corpora
365 2952 582 3033 mortuorum,
608 2970 649 3014 ne
672 2971 801 3016 maeror
823 2953 996 3035 parentum
1020 2971 1057 3016 ac
1080 2953 1208 3038 propin·

201 3061 338 3124 quorum
370 3037 619 3123 magistratibus
650 3038 773 3103 nostris
806 3038 956 3122 quaestui
986 3043 1099 3123 posset
1132 3062 1207 3106 essa.

200 3127 296 3192 Hunc
328 3147 388 3212 ego
422 3125 450 3190 si
481 3129 606 3191 metum
633 3123 761 3191 Siciliae
794 3125 1000 3191 damnatione
1028 3126 1126 3193 istius
1152 3151 1208 3214 per

200 3219 344 3280 vestram
375 3213 472 3302 fidem
505 3217 538 3278 et
570 3213 742 3280 veritatem
773 3213 930 3300 deiecere,
962 3215 1097 3301 iudices,
1130 3216 1207 3282 satis

201 3302 307 3367 officio
340 3323 426 3384 meo,
459 3301 539 3366 satis
568 3303 701 3366 illorum
729 3302 907 3388 voluntati,
940 3303 996 3388 qui
1023 3325 1043 3368 a
1070 3325 1123 3370 me
1149 3305 1235 3370 hoc³⁵

90 3435 110 3449 .
148 3435 191 3497 50
200 3389 399 3472 petiverunt,
421 3388 544 3466 factum
569 3410 639 3453 esse
662 3388 857 3455 arbitrabor.
1239 3415 1244 3428 ·

149 3510 199 3557 131
268 3475 482 3559 Quapropter,
497 3475 525 3539 si
539 3497 634 3559 quem
649 3475 735 3540 forte
748 3476 921 3559 inveneris,
941 3479 996 3563 qui
1014 3479 1077 3545 hoc
1095 3482 1207 3548 navale

612 3810 1274 3880 ...fi-..FV--f-‘J
