2564 3876
434 129 512 185 cAP.
532 137 600 185 1-e
620 136 634 196 a
654 136 732 186 a-a.
975 195 977 200 ,
1048 131 1091 194 35

103 271 227 356 nomino,
259 273 383 339 duobus
411 275 543 341 milibus
570 298 740 340 nummum
768 295 838 340 sese
866 275 944 340 dicit
974 275 1090 340 emisse

103 358 265 426 adulescens
304 363 358 428 uel
393 363 641 448 potentissimus
677 365 739 430 hoc
775 367 921 449 tempore
957 367 1090 428 nostrae

102 446 230 533 ciuitatis,
242 449 276 514 L.
290 448 461 516 Oomelius
476 451 716 539 Chrysogonus.
749 451 781 516 ls
801 474 821 517 a
839 453 941 536 vobis,
959 453 1089 536 iudices,
1144 525 1146 530 ,

100 534 150 601 hoc
174 538 328 624 postulat,
355 543 405 624 ut,
434 541 586 624 qnoniam
608 541 643 605 in
666 541 804 606 alienam
828 541 996 626 pecuniam
1020 544 1090 605 tam

81 623 210 706 splenem
224 630 320 711 atque
334 629 536 713 praeclaram
550 629 640 694 nullo
656 629 724 694 iure
738 630 904 712 invaserit,
924 630 1090 713 quoniam·

100 731 149 794 que
169 713 195 778 ei
216 715 369 800 pecuniae
393 717 462 782 vita
481 715 551 782 Sex.
569 717 667 782 Rosci
692 719 822 783 obstare
843 721 939 801 atque
959 718 1089 783 officere

99 799 238 888 uideatur,
265 804 401 870 deleatis
429 827 468 870 ex
497 806 604 872 animo
629 829 686 871 suo
718 805 932 891 suspicionem
961 829 1089 872 omnem

99 891 261 975 metumque
284 893 427 978 tollatis3
456 915 526 959 sese
549 895 611 959 hoc
633 895 788 960 incolumi
815 916 881 958 non
910 895 1089 959 arbitratur

98 974 176 1042 buius
191 979 370 1046 innocentis
385 982 618 1068 patrimonium
632 988 700 1048 tam
716 983 860 1067 amplum
876 987 908 1047 et
922 983 1092 1067 copiosum

70 1084 177 1147 uposse
191 1068 344 1154 obtinere,
365 1069 518 1135 damnato
534 1075 567 1135 et
581 1071 683 1136 eiecto
698 1075 808 1156 sperat
828 1092 861 1135 se
880 1092 985 1155 posse,
1005 1071 1091 1154 quod

98 1152 213 1239 adeptus
236 1161 286 1222 est
309 1179 368 1243 per
391 1159 508 1238 scelus,
537 1159 571 1223 id
592 1182 651 1244 per
674 1160 835 1224 luxuriam
859 1159 1020 1224 effundere
1044 1162 1090 1224 at-

98 1261 147 1324 que
166 1265 359 1311 consumere.
404 1247 499 1312 Hune
522 1247 584 1312 sibi
609 1249 778 1312 exanimo
807 1249 1006 1333 scrupulum,
1034 1247 1092 1332 qui

98 1350 124 1392 se
149 1330 209 1398 dies
239 1338 418 1419 noctesque
451 1335 599 1400 stimulat
632 1358 669 1400 ae
701 1336 831 1422 pungit,
862 1340 900 1400 ut
932 1337 1090 1420 evellatis,

97 1421 234 1506 postulat,
266 1427 305 1487 ut
338 1423 379 1487 ad
410 1423 495 1488 hanc
527 1445 620 1488 suam
651 1424 806 1508 praedam
833 1427 903 1490 tam
929 1425 1089 1490 nefariam

70 1505 239 1575 nabutae
262 1532 324 1576 vos
346 1511 574 1596 profiteamini.

169 1593 201 1662 Si
221 1599 317 1664 vobis
341 1621 444 1684 aequa
467 1603 501 1664 et
522 1599 661 1664 honesta
683 1601 864 1684 postulatio
884 1601 1021 1686 videtur,
1043 1601 1125 1670 iu·‘1

98 1680 179 1770 dices,
211 1708 271 1774 ego
306 1691 420 1752 contra
449 1688 581 1753 brevem
612 1689 867 1773 postulationem
899 1690 1011 1754 adfero
1048 1691 1090 1773 et,

97 1776 259 1853 quomodo
283 1775 366 1840 mihi
388 1776 577 1861 persuadeo,
600 1777 767 1860 aliquanto
792 1776 984 1860 aequiorem.
1021 1776 1089 1840 Pri·
1108 1787 1128 1851 3

96 1879 169 1926 mum
182 1885 201 1928 a
213 1862 429 1950 Chrysogono
444 1871 530 1949 pet0‚
548 1869 585 1929 ut
599 1866 735 1950 pecunia
748 1865 953 1948 fortunisque
967 1865 1089 1929 nostris

68 1953 248 2018 coenantes
272 1952 327 2032 sit,
351 1952 542 2040 sanguinem
565 1957 598 2017 ct
620 1953 723 2018 uitam
745 1975 786 2018 ne
809 1958 914 2038 petat3
938 1953 1090 2018 deindea

95 2037 181 2124 uobis,
201 2041 333 2126 iudices,
356 2045 394 2106 ut
418 2042 587 2106 audacium
611 2042 724 2106 sceleri
747 2041 918 2124 resistatis,
940 2041 1090 2106 innoeen-

94 2123 163 2191 tiun
184 2130 404 2194 calamitatem
427 2130 542 2194 levetis
566 2133 599 2194 et
621 2130 657 2194 in
678 2151 775 2195 causa
799 2129 869 2195 Sex.
888 2130 985 2196 Rosci
1007 2130 1089 2216 peri·

95 2214 194 2302 culum,
217 2218 305 2302 quod
326 2218 361 2282 in
384 2240 495 2283 omncs
518 2218 706 2302 intenditur,
728 2219 934 2304 propulsetis.
967 2217 1089 2295 Quodsi
1107 2235 1125 2284 8

95 2306 141 2367 aut
164 2327 258 2372 causa
286 2305 432 2372 criminis
461 2311 517 2371 aut
549 2306 641 2380 facti
662 2307 802 2390 suspicio
836 2311 892 2372 aut
925 2307 1089 2392 quaelibet

67 2389 214 2478 adunque
227 2395 282 2461 vel
296 2395 432 2460 minima
445 2417 497 2459 res
512 2395 699 2480 reperietur,
714 2417 812 2478 quam
826 2395 868 2460 ob
882 2418 952 2460 rem
961 2396 1090 2461 videan-

93 2479 138 2544 tur
160 2481 209 2548 illi
234 2505 302 2550 non
328 2483 412 2548 nihil
440 2486 550 2547 tamen
572 2483 607 2547 in
630 2483 801 2547 deferendo
824 2485 954 2550 nomine
979 2483 1089 2570 secuti,

93 2572 241 2650 postremo
266 2571 296 2637 si
317 2575 447 2657 praeter
471 2594 542 2636 eam
569 2572 736 2656 praedam,
769 2594 867 2655 quarn
895 2573 973 2657 dixi,
1001 2573 1090 2658 quic-

94 2675 176 2738 quam
203 2660 292 2726 aliud
320 2681 436 2725 causae
463 2659 665 2741 inveneritis,
693 2681 758 2723 non
785 2682 984 2746 recusamus,
1012 2660 1091 2745 quin

93 2741 209 2813 illorum
235 2747 365 2814 libidini
392 2744 462 2813 Sex.
491 2747 589 2812 Rosci
617 2748 686 2813 vita
717 2747 861 2814 dedatur.
912 2747 969 2814 Sin
1001 2748 1090 2813 aliud

65 2833 189 2918 tegitur
213 2836 312 2920 nihil,
338 2836 403 2900 nisi
430 2839 467 2900 ut
495 2835 535 2900 iis
563 2857 603 2900 ne
631 2835 708 2920 quid
736 2836 833 2921 desit,
863 2837 980 2921 quibus
1008 2836 1089 2900 setis

93 2920 164 2986 nihil
185 2929 243 3010 eat,
266 2925 296 2990 si
317 2924 381 2990 hoe
404 2925 510 2989 solum
532 2924 595 2989 boc
618 2927 765 3011 tempore
788 2929 967 3010 pugnatur,
989 2928 1026 2988 ut
1049 2922 1090 2988 ad

94 3006 172 3076 illem
195 3014 339 3100 opimam
361 3013 627 3098 praeclaramque
650 3013 804 3098 praedam
828 3011 994 3077 damnatio
1019 3009 1089 3076 Sex.

93 3093 177 3166 Rosci
193 3103 284 3168 velut
303 3102 450 3167 cumulus
465 3101 603 3185 accedat,
621 3123 727 3167 nonne
742 3123 815 3167 cum
829 3101 932 3165 multa
946 3099 1090 3186 indigna,

93 3187 211 3254 tumvel
224 3191 287 3258 hoe
299 3190 560 3275 indignissimum
581 3193 638 3268 est,
652 3212 710 3254 vos
729 3189 861 3254 idoneos
875 3188 1017 3270 habitos,
1031 3211 1089 3273 per

64 3285 218 3356 ⁸⁵quorum
231 3278 409 3346 sententias
419 3279 531 3362 iusque
543 3277 713 3342 iurandum
722 3277 756 3341 id
770 3281 992 3359 assequantur,
1003 3277 1090 3361 quod

94 3367 178 3430 antea
198 3367 262 3453 ipsi
285 3368 405 3433 scelere
429 3371 462 3431 et
483 3366 569 3431 ferro
594 3365 726 3449 adsequi
750 3365 1004 3430 consueverant?
1033 3365 1089 3449 qui

94 3469 127 3515 ex
146 3453 273 3522 civitate
295 3456 331 3520 in
354 3459 502 3521 senatum
524 3458 658 3540 propter
681 3452 889 3537 dignitatem,
912 3475 951 3517 ex
974 3457 1090 3518 senatu

838 3555 875 3607 82
