2622 3884
157 157 239 260 358¹
461 191 502 246 ru
521 189 814 248 avuaauuacr.
833 191 867 246 11.

158 336 374 422 Sacerdotem,
386 358 491 421 neque
505 336 733 421 mentiebatur,
747 336 804 401 sed
817 335 929 402 eadem
943 334 1172 402 aestimatione

158 427 242 492 alter
272 426 460 492 sublevarat
488 429 648 509 aratores,
681 425 765 490 alter
792 428 963 490 everterat.
1014 422 1173 500 Quodnisi

158 514 263 580 omnis
289 514 447 580 frumenti
469 514 554 580 ratio
578 536 617 579 ex
639 513 842 597 temporibus
867 517 953 579 esset
975 516 1009 577 et
1032 534 1172 597 annona,
1305 531 1309 538 ·

156 625 223 668 non
249 625 288 668 ex
309 623 444 668 numero
467 624 572 686 neque
594 623 633 668 ex
656 623 783 667 summa
806 601 1051 685 consideranda,
1078 623 1172 666 num·

157 712 256 776 quam
274 695 344 756 tam
368 691 455 778 grati
477 690 513 756 hi
536 690 754 776 sesquimodii,
777 689 813 767 Q.
832 689 999 776 Hortensi,
1020 689 1202 774 fuissent,5

157 801 238 864 quos
280 782 321 844 tu
355 801 426 846 eum
460 780 501 845 ad
533 801 702 845 mensurae
732 784 803 844 tam
830 778 981 865 exiguam
1007 779 1172 845 rationem

156 868 279 954 populo
305 865 454 934 Romano
481 867 516 932 in
544 869 653 953 capita
682 866 914 953 discripsisses,
944 867 1172 955 gratissimum

157 957 307 1022 omnibus
321 956 443 1041 fecisti,
461 957 581 1022 caritas
596 955 683 1023 enim
697 977 843 1022 annonae
856 956 1008 1041 faciebat,
1020 960 1058 1021 ut
1071 955 1172 1041 istud,

157 1045 244 1129 quod
266 1067 302 1110 re
323 1067 460 1129 parvum
483 1044 625 1129 videtur,
647 1048 794 1129 tempore
817 1066 973 1131 magnum
996 1043 1171 1110 videretur.

155 1132 248 1198 Idem
274 1133 359 1198 istuc
386 1133 416 1197 si
441 1133 477 1198 in
502 1133 632 1198 vilitate
658 1134 780 1218 populo
803 1133 950 1199 Romano
973 1132 1090 1220 largiri
1113 1154 1173 1198 vo·
1187 1151 1221 1193 ro

157 1222 288 1306 luisses,
322 1221 463 1286 derisum
495 1225 589 1287 tuum
620 1221 813 1287 beneficium
846 1225 932 1287 esset
964 1224 1062 1306 atque
1093 1243 1173 1286 con·

104 1313 424 1494 {latemlddliligitur
441 1399 546 1464 dicere
569 1399 670 1463 istum
692 1398 779 1464 idem
800 1398 925 1484 fecisse,
949 1398 1036 1484 quod
1058 1396 1172 1464 Sacer·

158 1486 281 1570 dotem,
318 1486 471 1570 quoniam
506 1508 573 1552 non
609 1487 721 1553 eodem
753 1491 899 1573 tempore
930 1509 1035 1573 neque
1068 1486 1173 1552 simili

156 1574 234 1640 fecit
258 1595 398 1659 annona3
427 1575 525 1640 dicito
547 1576 672 1661 potius,
701 1576 855 1660 quoniam
878 1576 979 1641 habes
1003 1578 1173 1642 auctorem
1188 1595 1221 1636 rs

156 1663 318 1748 idoneum,
341 1662 427 1748 quod
439 1663 604 1729 Antonius
622 1687 686 1729 uno
707 1664 847 1730 adventu
865 1667 899 1730 et
916 1664 970 1730 vix
992 1664 1172 1730 menstruis

157 1751 288 1818 cibariis
302 1750 424 1836 fecerit,
442 1753 476 1817 id
488 1752 589 1817 istum
606 1775 666 1838 per
682 1753 860 1819 triennium
877 1752 1002 1838 fecisse,
1022 1757 1056 1818 et
1072 1752 1172 1818 istius

156 1840 374 1907 innocentiam
397 1839 440 1905 M.
460 1840 585 1907 Antoni
610 1841 699 1907 facto
723 1845 821 1926 atque
844 1841 1039 1907 auctoritate
1063 1841 1172 1906 defen-

157 1928 235 1994 dito.
275 1927 363 1994 Nam
382 1929 420 1994 de
439 1927 510 1995 Sex.
525 1929 655 2014 quidem
672 1929 849 2015 Peducaeo,
869 1929 1051 1996 fortissimo
1070 1933 1172 2015 atque

156 2017 422 2084 innocentissimo
449 2018 534 2102 viro,
564 2018 642 2103 quid
669 2018 804 2085 dicetis?
842 2018 881 2083 de
908 2040 972 2103 quo
1001 2018 1073 2103 quis
1101 2040 1172 2084 um·
1187 2039 1220 2080 ao

157 2128 254 2190 quarn
269 2109 381 2172 arator
399 2109 532 2190 questus
552 2107 624 2172 est?
648 2110 705 2173 aut
724 2107 796 2192 quis
814 2127 881 2173 non
900 2107 1021 2173 adhoc
1038 2111 1171 2193 tempus

156 2193 455 2261 innocentissimam
486 2195 630 2266 omnium
660 2194 1010 2281 diligentissimamque
1039 2199 1173 2280 praetu-

156 2304 227 2346 ram
254 2282 344 2348 illius
372 2282 513 2349 hominis
540 2283 728 2349 existimat?
769 2283 942 2348 Biennium
965 2284 1172 2368 provinciam

157 2370 308 2434 obtinuit.
345 2368 427 2436 (lum
445 2372 530 2437 alter
547 2393 650 2437 annus
669 2371 703 2436 in
722 2371 859 2455 vilitate,
882 2373 968 2437 alter
984 2373 1020 2438 in
1040 2393 1171 2438 summa

156 2458 293 2524 caritate
319 2457 431 2542 fuerit,
459 2482 537 2525 num
564 2461 684 2526 autin
709 2460 838 2526 vilitate
864 2482 1032 2526 nummum
1056 2464 1171 2527 arator
1186 2481 1218 2522 ss
1308 2483 1309 2550 ζ

157 2546 329 2631 quisquam
358 2547 446 2612 dedit
473 2552 530 2613 aut
557 2548 592 2613 in
618 2548 755 2614 caritate
783 2549 822 2614 de
849 2549 1076 2616 aestimatione
1102 2550 1171 2616 fru·
1308 2551 1309 2554 ’

157 2636 258 2700 menti
291 2639 424 2720 questus
457 2637 529 2702 est?
575 2637 622 2701 At
649 2637 800 2703 uberiora
827 2637 950 2704 cibaria
975 2639 1063 2704 facta
1091 2643 1172 2704 sunt

157 2724 301 2790 caritate.
342 2723 460 2810 Credo,
482 2746 587 2878 napae
604 2725 639 2790 id
657 2728 708 2790 est
724 2747 845 2792 novum
868 2747 972 2811 neque
994 2727 1171 2813 reprehen-

102 2821 155 2872 217
174 2813 321 2878 dendum.
362 2812 459 2879 Modo
479 2811 513 2879 0.
557 2814 680 2879 entium
698 2814 847 2898 vidimus,
869 2813 1035 2880 hominem
1057 2819 1170 2881 vetere
1307 2881 1308 2890 ,

155 2901 215 2966 illa
242 2923 279 2967 ac
309 2901 468 2988 singulari
494 2901 679 2969 innocentia
703 2902 900 2988 praeditum,
927 2907 1062 2989 propter
1085 2904 1170 2970 cari-
1185 2924 1216 2964 so

155 2993 258 3055 tatem
276 2989 441 3074 frumenti,
461 3008 544 3074 quae
561 2990 669 3056 fuerat
687 2990 722 3056 in
737 2990 935 3077 Macedonia,
953 3013 1170 3079 permagnam

156 3099 194 3142 er
221 3078 352 3144 cibariis
379 3078 550 3163 pecuniam
577 3079 758 3164 deportare.
803 3077 907 3156 Quam
935 3081 977 3145 ob
1004 3102 1074 3146 rem
1100 3103 1171 3149 non

154 3166 1169 3354 lassataslasatassagalassi

153 3363 188 3406 m
210 3342 332 3408 crimen
355 3343 445 3408 etin
467 3343 621 3410 iudicium
643 3366 732 3411 voco.
1182 3364 1210 3408 ac

221 3429 343 3506 Quodsi
357 3432 556 3516 suspiciones
570 3433 688 3498 misere
702 3433 812 3499 velitis
827 3434 867 3499 ad
885 3435 989 3520 pluris
1008 3436 1167 3522 homines,

153 3514 195 3578 ad
223 3517 327 3599 pluris
354 3519 538 3602 provincias
565 3520 688 3586 crimen
714 3522 777 3589 hoo
803 3524 979 3610 pertinere,
1010 3547 1076 3590 non
1104 3547 1166 3614 ego
