2622 3884
174 177 241 242 436
479 173 519 228 m
538 172 567 228 o.
581 171 735 228 vesunu
753 169 834 226 non.
852 170 887 226 n

176 320 302 396 pcdiret
320 320 424 384 ullum
442 318 478 382 in
496 316 607 383 Sicilia
624 317 802 381 tumultum
821 320 879 382 aut
899 315 1023 380 bellum
1045 334 1189 378 commo·
1288 387 1289 390 Ἴ

175 397 259 491 ieri,
281 429 348 472 non
366 406 472 472 dicam
489 427 531 471 nc
551 405 634 470 illud
657 403 797 489 quidem,
819 404 847 469 si
870 403 1010 470 maxima
1032 402 1068 466 in
1090 402 1188 486 culpa

175 495 276 561 fuerit
294 495 504 580 Apollonius,
531 498 643 559 tamen
669 493 705 558 in
731 493 896 559 hominem
923 490 1084 557 maximae
1111 490 1188 554 oiri-

175 585 254 648 tatis
281 583 548 649 honestissimum
574 585 645 647 tam
673 582 818 667 grauiter
845 578 1061 646 animadverti
1087 600 1188 644 causa

124 684 157 734 21
177 672 299 738 indicta
316 694 383 737 non
401 671 593 755 oportuisse.
633 668 768 734 Nullam
790 669 825 734 in
846 673 880 734 te
902 668 1060 734 invidiam
1082 689 1124 732 ne
1147 682 1213 732 ext
1291 708 1292 754 7

175 760 244 825 illis
272 760 402 844 quidem
429 759 527 824 rebus
554 758 739 840 concitabo,
766 779 839 824 cum
865 761 952 822 esset
977 755 1055 821 talis
1078 756 1130 820 vir
1151 755 1188 820 in
1291 767 1292 842 t

176 870 317 932 carcere,
343 848 379 913 in
405 847 563 931 tenebris,
588 847 623 910 in
646 847 810 930 squalore,
833 846 867 910 in
890 845 1054 928 sordibus,
1076 847 1188 927 tyran-

175 937 258 1002 nicis
275 935 458 1002 interdictis
477 935 542 1000 tuis
560 935 649 1019 patri
667 938 779 1000 exacta
800 937 907 1000 aetate
930 938 963 998 et
986 932 1188 998 adulescenti

175 1025 244 1090 filio
268 1025 406 1090 adeundi
429 1025 470 1088 ad
492 1024 587 1088 illum
610 1023 763 1088 miserum
785 1025 986 1108 potestatem
1006 1043 1187 1105 numquam
1292 1014 1293 1076 l

176 1136 246 1179 esse
268 1113 398 1180 factam.
438 1112 550 1176 Etiam
575 1111 658 1176 illud
679 1111 874 1195 praeteribo,
897 1110 1187 1194 quotienscumque
1202 1126 1227 1165 ¹⁰

138 1239 145 1246 -
174 1202 397 1267 Panhormum
406 1200 532 1266 ueneris
545 1200 605 1264 illo
620 1221 704 1264 anno
720 1203 753 1264 et
766 1221 823 1264 sex
836 1199 1002 1264 mensibus
1010 1195 1102 1283 (nam
1115 1201 1187 1262 tam

176 1290 231 1354 diu
248 1290 312 1354 fuit
320 1288 516 1374 Apollonius
535 1288 569 1352 in
587 1286 738 1373 carcerc),
756 1287 877 1352 totiens
897 1288 963 1368 [ad]
983 1291 1017 1351 te
1036 1291 1188 1353 senatum

174 1377 467 1442 Panhormitanum
495 1375 601 1440 adisse
629 1375 809 1460 supplicem
836 1397 910 1441 cum
934 1375 1187 1461 magistratibus

176 1465 462 1548 sacerdotibusque
489 1463 630 1549 publicis
657 1468 806 1529 orantem
829 1467 927 1547 atque
950 1463 1187 1546 obsecrantem,

175 1557 212 1618 ut
231 1553 405 1636 aliquando
424 1553 481 1617 ille
500 1552 598 1617 miser
616 1556 714 1636 atque
738 1553 891 1617 innocens
914 1551 1103 1616 calamitate
1126 1551 1187 1616 illa
1202 1568 1226 1607 1⁵

175 1641 379 1706 liberaretur.
415 1640 576 1723 Relinquo
595 1640 818 1723 haecomnia,
841 1640 970 1724 quaesi
993 1639 1092 1704 velim
1114 1662 1187 1724 per·

176 1729 280 1813 sequi,
302 1729 398 1796 facile
421 1729 591 1795 ostendam
612 1732 671 1793 tua
693 1729 885 1794 crudelitate
907 1728 942 1793 in
964 1728 1048 1794 alios
1072 1749 1186 1793 omnes

175 1818 238 1882 tibi
274 1818 381 1883 aditus
415 1817 653 1882 misericordiae
685 1817 827 1882 iudicum
857 1817 925 1882 iam
954 1816 1081 1901 pridem
1114 1837 1186 1882 esse

122 1875 157 2002 ,2
175 1907 370 1991 praeclusos.
415 1904 534 1971 Omnia
560 1905 623 1970 tibi
649 1907 714 1969 ista
740 1905 914 1971 concedam
941 1907 976 1968 et
1002 1904 1185 1988 remittam3
1295 1930 1296 1936 ¹

175 1994 329 2079 provideo
357 1994 458 2077 enim,
485 1993 563 2077 quid
586 1993 630 2057 sit
653 1993 842 2058 defensurus
864 1992 1075 2076 Hortensius,
1103 1993 1186 2058 fate
1200 2010 1226 2050 2⁰

176 2083 265 2147 bitur
283 2083 369 2167 apud
385 2081 487 2146 istum
504 2103 608 2164 neque
632 2085 831 2146 senectutem
853 2080 958 2165 patris
980 2102 1085 2165 neque
1108 2082 1186 2147 adu-

175 2171 365 2235 lescentiam
383 2169 444 2235 filii
461 2191 565 2252 neque
584 2170 735 2234 lacrimas
754 2168 923 2253 utriusque
943 2170 1018 2254 plus
1041 2169 1184 2235 ualuisse

177 2281 274 2342 quam
310 2257 489 2322 utilitatem
527 2257 729 2341 salutemque
760 2256 959 2342 provinciae3
996 2257 1083 2322 dicet
1113 2280 1183 2324 rem

176 2345 340 2429 publicam
372 2345 594 2410 administrari
625 2345 694 2410 sine
726 2349 816 2410 metu
848 2367 886 2411 ac
916 2346 1090 2411 seueritate
1116 2368 1184 2412 non

175 2455 285 2516 posse,
309 2437 451 2518 quaeret,
475 2455 573 2517 quam
590 2434 633 2498 ob
651 2455 720 2498 rem
738 2433 843 2498 fasces
863 2433 1069 2518 praetoribus
1092 2455 1184 2517 prae·
1199 2450 1225 2490 ²⁵

175 2521 336 2606 ferantur,
370 2544 425 2587 cur
459 2543 585 2586 secures
617 2521 726 2605 datae,
757 2543 814 2587 cur
845 2543 954 2587 carcer
986 2522 1184 2607 aedificatus,

176 2631 232 2674 cur
263 2613 315 2675 tot
347 2609 507 2694 supplicia
538 2609 607 2673 sint
636 2609 672 2673 in
702 2609 870 2694 improbos
902 2631 992 2675 more
1021 2611 1184 2676 maiorum

176 2698 364 2763 constituta.
404 2697 492 2774 Quae
511 2719 584 2763 cum
603 2697 712 2762 omnia
735 2696 878 2782 grauiter
901 2719 1074 2782 severeque
1098 2699 1183 2764 dixe

176 2785 234 2870 rit,
266 2808 433 2869 quaeram,
465 2807 521 2850 eur
550 2784 635 2850 hunc
663 2784 798 2851 eundem
824 2785 1038 2871 Apollonium
1062 2784 1182 2852 Verres

175 2873 260 2938 idem
288 2877 421 2959 repente
448 2873 540 2937 nulla
566 2895 602 2937 rc
624 2895 710 2938 noua
732 2875 847 2958 allata,
873 2874 966 2939 nulla
987 2874 1184 2958 defensione,
1197 2891 1224 2932 ω

176 2962 245 3026 sine
272 2983 370 3027 causa
397 2962 436 3027 da
464 2983 591 3026 carcere
619 2961 733 3026 emitti·
751 2962 896 3046 iusserit3
928 2967 1122 3046 tantumque
1148 2964 1185 3028 in

174 3049 238 3114 hoc
264 3049 398 3114 crimine
424 3049 615 3134 suspicionis
639 3071 709 3115 esse
732 3050 926 3133 adfirmabo,
952 3054 990 3115 ut
1012 3051 1078 3116 iam
1100 3051 1183 3136 ipsis

174 3136 334 3203 iudicibus
353 3136 421 3202 sine
440 3160 513 3203 mea
531 3137 813 3223 argumentatione
836 3137 1053 3204 coniecturam
1075 3138 1183 3206 facere

174 3226 373 3309 permittam,
392 3226 478 3309 quod
491 3225 553 3291 hoc
567 3247 669 3310 genus
683 3226 868 3310 praedandi,
887 3246 985 3311 quam
998 3227 1183 3313 inprobum,

175 3334 273 3394 quam
301 3312 470 3398 indignum
498 3335 658 3396 quamque
682 3312 723 3378 ad
745 3315 1002 3399 magnitudinem
1026 3321 1181 3399 quaestus
1195 3333 1223 3375 ³⁶

121 3409 156 3458 2³
174 3398 355 3464 inmensum
373 3400 600 3483 infinitumque
619 3423 689 3466 esse
711 3401 867 3468 videatur.
903 3401 989 3468 Nam
1013 3425 1096 3488 quae
1118 3405 1182 3471 iste

174 3485 209 3548 in
231 3486 407 3570 Apollonio
435 3487 525 3567 fecit,
555 3507 593 3551 ea
619 3488 761 3574 primum
788 3490 931 3556 breviter
957 3494 1181 3577 recognoscite
