2600 3878
339 178 407 236 LIB.
422 179 463 234 III
495 179 570 235 OAP.
585 185 690 236 43-45
709 186 724 248 ἕ
744 186 883 237 rou-10⁷
1057 182 1121 248 311

115 324 355 392 recentissimus
374 328 425 390 est
444 326 477 390 et
496 324 536 390 ab
555 325 620 390 isto
638 325 687 390 ita
705 324 960 412 administratus,
981 331 1028 411 ut,
1050 351 1121 394 oum

116 437 150 481 se
164 418 251 481 certe
265 415 470 480 decessurum
486 413 620 497 videret,
637 433 703 479 non
721 413 896 499 laboraret,
914 414 944 480 si
961 419 1124 483 aratorem

114 503 150 568 in
171 501 282 568 Sicilia
307 503 435 567 nullum
457 501 589 568 omnino
613 505 700 566 esset
721 502 902 568 relicturus.
938 503 1022 590 Agri
1045 505 1124 570 Aet-

114 592 224 658 nensis
239 595 273 658 et
285 590 438 657 Leontini
456 590 606 656 decumas
626 611 769 676 agemus.
796 589 975 677 Attendite,
992 592 1123 678 iudices,

86 693 100 734 ⁵
115 680 298 766 diligenter.
328 678 413 766 Agri
427 682 503 744 suut
515 678 648 764 feraces,
667 701 770 744 annus
783 679 910 763 tertius,
929 680 1123 748 decumanus

113 768 288 852 Apronius.
329 767 379 833 De
393 766 611 832 Aetnensibus
629 789 793 852 perpauca
816 767 933 852 dicam3
957 769 1106 835 dixerunt
1125 779 1177 830 roo

114 856 203 922 enim
235 856 301 940 ipsi
331 855 440 941 priore
472 854 599 921 actione
630 855 767 939 publice.
816 854 974 921 Memoria
1004 859 1124 924 tenetis

113 944 360 1011 Artemidorum
382 943 593 1028 Aetnensem,
617 943 792 1028 legationis
817 943 913 1026 [eius]
936 946 1124 1032 principem,

113 1033 244 1119 publice
260 1033 364 1098 dicere
378 1032 560 1117 Apronium
578 1031 705 1097 venisse
719 1030 860 1097 Aetnam
879 1055 951 1098 cum
961 1032 1124 1118 Veneriis3

71 1136 100 1176 1⁰
114 1142 248 1188 vocasse
281 1121 322 1186 ad
350 1143 383 1186 se
412 1120 639 1206 magistratus,
670 1120 860 1204 imperasse,
892 1125 929 1185 ut
956 1121 991 1186 in
1017 1122 1123 1188 medio

113 1210 187 1276 foro
215 1209 280 1274 sibi
306 1209 383 1274 lecti
406 1212 640 1293 sternerentur,
668 1208 785 1274 cotidie
809 1209 942 1274 solitum
965 1231 1125 1276 essenon

114 1298 211 1364 modo
230 1297 265 1362 in
282 1297 424 1382 publico,
447 1297 503 1362 sed
522 1298 622 1362 etiam
641 1296 679 1362 de
699 1297 830 1381 publico
849 1298 1027 1383 convivari3
1051 1321 1124 1365 cum

113 1387 151 1452 in
183 1387 229 1451 eis
261 1385 417 1451 conviviis
450 1385 647 1470 symphonia
673 1389 803 1450 caneret
829 1386 1043 1471 maximisque
1069 1409 1125 1472 po-

114 1475 198 1541 culis
212 1473 462 1559 ministraretur,
480 1473 613 1538 retineri
627 1473 743 1538 solitos
762 1495 832 1538 esse
851 1478 1008 1561 aratores,
1027 1478 1125 1561 atque

71 1577 99 1618 1⁵
114 1563 158 1628 ab
183 1563 229 1628 eis
251 1584 318 1628 non
340 1562 436 1628 modo
460 1583 518 1646 per
540 1561 706 1646 iniuriam,
731 1561 788 1626 sed
811 1562 911 1627 etiam
932 1585 991 1648 per
1014 1569 1125 1630 contu-

114 1651 248 1716 meliam
270 1654 400 1716 tantum
423 1649 560 1734 exprimi
581 1649 750 1733 frumenti,
778 1654 935 1733 quantum
958 1650 1124 1736 Apronius

112 1739 317 1825 imperasset.
362 1737 510 1803 Audistis
537 1738 630 1821 haec,
661 1737 796 1821 iudices3
823 1759 905 1821 quae
932 1760 1017 1804 nuno
1045 1745 1177 1824 eg01⁰6

115 1827 226 1894 omnia
242 1831 412 1912 praetereo
431 1830 464 1892 et
486 1826 644 1910 relinquo.
679 1823 772 1890 Nihil
795 1824 834 1890 de
857 1826 985 1890 luxuria
998 1825 1125 1912 Aproni

113 1916 246 2000 loquor,
267 1915 350 1980 nihil
372 1915 411 1980 de
433 1913 621 1998 insolentia,
642 1913 727 1978 nihil
750 1913 788 1978 de
810 1914 971 1998 permissa
994 1915 1035 1978 ab
1058 1914 1123 1980 isto

71 2018 100 2058 ²⁰
115 2004 262 2089 licentia,
292 2003 376 2068 nihil
407 2003 446 2068 de
479 2001 638 2089 singulari
668 2001 814 2086 nequitia
846 2023 883 2067 ac
910 2002 1125 2087 turpitudine3

114 2096 246 2158 tantum
260 2091 299 2156 de
318 2095 456 2175 quaestu
473 2113 511 2156 ao
534 2091 625 2156 lucro
645 2089 749 2155 dicam
767 2089 862 2154 unius
882 2089 960 2155 anni
978 2094 1011 2154 et
1029 2091 1125 2156 unius

114 2181 202 2266 agri,
229 2202 292 2264 quo
320 2180 449 2245 facilius
476 2200 536 2244 vos
563 2178 781 2244 coniecturam
804 2177 843 2242 de
865 2177 1005 2243 triennio
1029 2182 1063 2243 et
1085 2179 1125 2244 de

113 2272 189 2336 tota
203 2265 313 2334 Sicilia
325 2268 430 2333 facere
445 2266 588 2351 possitis.
620 2265 683 2331 Sed
696 2266 778 2331 mihi
787 2266 1000 2331 Aetnensium
1015 2267 1124 2334 brevis

116 2360 168 2423 est
193 2357 293 2440 ratio;
324 2356 389 2441 ipsi
417 2355 504 2422 enim
530 2358 701 2438 venerunt,
729 2354 794 2439 ipsi
821 2354 968 2439 publicas
995 2355 1125 2420 litteras

72 2457 102 2501 2⁶
116 2445 384 2530 deportaverimt3
402 2443 579 2509 docuenmt
591 2464 659 2527 vos,
678 2443 755 2526 quid
768 2442 878 2508 lucelli
894 2443 1010 2508 fecerit
1026 2444 1125 2510 homo

115 2553 183 2599 non
193 2533 308 2617 malus,
321 2531 495 2598 familiaris
504 2531 674 2617 praetoris,
684 2530 858 2615 Apronius.
881 2530 927 2614 Id,
942 2554 1073 2617 quaeso,
1087 2554 1126 2596 ex

115 2622 262 2707 ipsorum
272 2619 461 2687 testimonio
471 2619 666 2706 cognoscite.
681 2619 798 2686 Recita
818 2615 1128 2681 TESTIMONIUM

116 2709 415 2775 AETNENSIUM.
443 2707 527 2784 Quid
541 2708 611 2773 uis?
643 2706 713 2791 Dio,
727 2707 786 2790 dic,
801 2728 931 2792 quaeso,
945 2707 1073 2788 clarius,
1086 2710 1124 2771 ut
1134 2709 1178 2776 45

115 2797 257 2881 populus
281 2796 448 2862 Romanus
477 2797 516 2861 de
544 2796 610 2862 suis
638 2795 868 2882 vectigalibus,
895 2794 933 2860 de
961 2793 1029 2860 suis
1057 2816 1125 2859 ara·

72 2901 102 2943 ⁸⁰
115 2884 259 2970 toribus,
288 2885 326 2950 de
354 2884 421 2950 suis
450 2884 546 2950 sociis
569 2889 667 2968 atque
691 2884 802 2950 amicis
821 2883 944 2948 audiat.
985 2884 1126 2966 imum,

114 2970 172 3037 HS
190 2974 222 3039 h.
258 2973 320 3038 Per
339 2973 415 3038 deos
433 2972 651 3038 immortales!
673 2994 756 3038 unus
776 2993 854 3058 ager
871 2992 935 3036 uno
956 2991 1040 3036 anno
1063 2972 1126 3034 tre

116 3064 213 3127 centa
240 3061 332 3127 milia
358 3060 443 3127 mod.
465 3060 569 3127 tritici
595 3063 629 3125 et
649 3064 819 3145 praeterea
840 3058 896 3124 Hs
919 3059 941 3124 i
964 3058 1046 3124 lucri
1070 3057 1127 3122 dat

115 3148 279 3233 Apronio!
320 3148 468 3215 Tantone
490 3149 626 3214 minoris
650 3149 801 3214 decumae
823 3147 1005 3233 venierunt,
1028 3168 1126 3231 quam

114 3236 263 3322 fuerunt,
291 3260 346 3323 an,
374 3260 447 3304 cum
475 3237 556 3302 setis
584 3257 703 3322 magno
731 3235 909 3319 venissent,
935 3235 989 3302 hio
1013 3238 1125 3300 tantus

72 3342 101 3384 ae
116 3329 229 3390 tamen
259 3325 416 3391 frumenti
447 3325 664 3409 pecuniaeque
690 3344 844 3389 numerus
872 3324 913 3390 ab
941 3323 1126 3390 aratoribus

114 3413 261 3499 pervim
285 3415 414 3481 ablatus
438 3414 511 3480 est?
551 3412 671 3478 Utrum
694 3412 780 3476 enim
802 3411 919 3478 horum
942 3412 1069 3498 dixeris,
1091 3411 1127 3476 in

115 3522 155 3566 eo
174 3502 271 3587 culpa
291 3505 323 3569 et
341 3502 464 3569 crimen
482 3501 641 3568 haerebit.
680 3499 713 3566 N
715 3521 767 3565 am
784 3500 867 3566 illud
890 3499 1019 3588 quidem
1041 3522 1108 3568 non
1127 3512 1179 3563 107
