2622 3884
192 180 259 246 466
495 178 535 232 IN
554 177 583 234 C.
597 177 753 233 VERREM
771 176 848 233 ACT.
868 178 902 232 11.

140 320 184 390 89
194 323 290 390 istius
318 323 452 388 audacia
478 323 660 388 tenebatur.
705 319 813 387 Homo
837 321 958 386 certior
978 321 1018 386 fit
1040 321 1097 407 agi
1119 321 1207 386 nihil

193 411 309 503 inforo
319 414 352 475 et
362 413 522 476 conventu
531 414 603 476 toto
614 409 665 474 die
678 408 743 474 nisi
755 408 827 493 hoc,
841 409 954 495 quaeri
967 430 1006 474 ex
1019 409 1207 494 nauarchis,

194 521 290 586 quem
318 499 359 565 ad
386 499 518 564 modum
541 497 656 565 classis
680 497 724 562 sit
746 497 881 581 amissa,
908 497 984 562 illos
1007 497 1207 582 respondere
1289 509 1290 582 ἦ

194 591 227 653 et
256 587 370 653 docere
396 609 496 652 unum
524 607 696 672 quemque,
727 584 881 650 missione
909 585 1084 671 remigum,
1115 585 1206 650 fame
1289 595 1290 604 ’

192 675 405 760 reliquorum,
429 673 611 742 Cleomenis
634 673 751 738 timore
774 677 807 739 et
829 673 917 759 fuga.
958 671 1052 748 Quod
1074 678 1231 759 postea-s

216 785 292 829 uem
327 763 390 828 iste
424 763 591 849 cognovit,
626 762 710 828 hanc
741 762 901 827 rationem
933 762 1054 826 habere
1087 763 1205 847 coepit.

194 786 334 918 Causam
354 852 417 917 sibi
436 852 603 917 dicendam
628 871 697 914 esse
722 853 882 914 statuerat
904 849 971 914 iam
995 854 1080 935 ante,
1104 872 1205 934 quam
1290 899 1291 928 f

192 939 255 1006 hoo
286 961 347 1005 usu
378 941 481 1024 venit,
512 939 561 1004 ita
591 941 629 1003 ut
660 939 767 1020 ipsum
799 938 906 1022 priore
939 938 1067 1003 actione
1097 937 1205 1003 dicere
1287 939 1291 984 l

193 1028 340 1094 audistis.
374 1027 517 1093 Videbat
537 1027 605 1092 illis
627 1025 800 1091 nauarchis
823 1026 963 1091 testibus
986 1029 1118 1091 tantum
1141 1026 1204 1092 hoc

192 1117 315 1183 crimen
350 1117 509 1181 sustinere
546 1137 580 1180 se
612 1115 704 1179 nullo
736 1112 832 1179 modo
865 1135 970 1198 posse.
1021 1112 1203 1179 Consilium
1217 1132 1239 1172 a

141 1215 192 1268 102
206 1205 295 1291 capit
306 1204 412 1289 primo
426 1204 573 1287 stultum,
586 1224 699 1268 verum
711 1205 822 1268 tamen
836 1201 986 1267 clemens.
1008 1200 1202 1269 Nauarchos

192 1293 235 1358 ad
257 1314 292 1358 se
314 1292 425 1357 vocari
446 1291 550 1374 iubet3
577 1290 719 1355 veniunt.
761 1289 903 1356 Accusat
926 1311 995 1373 eos,
1023 1291 1110 1373 quod
1134 1291 1203 1356 eius
1288 1297 1291 1304 ‘

191 1379 279 1445 modi
299 1379 336 1444 tle
356 1401 389 1444 se
409 1400 573 1444 sermones
591 1377 779 1462 habuerint3
802 1381 908 1464 rogat,
930 1377 1020 1444 utin
1037 1399 1098 1444 sua
1117 1379 1203 1463 quis·

193 1488 254 1551 que
269 1467 356 1531 dicat
372 1467 450 1532 navi
468 1488 503 1532 se
521 1470 649 1532 tantum
668 1466 822 1531 habuisse
839 1469 1022 1551 nautarum,
1041 1471 1202 1551 quantum

192 1554 384 1640 oportuerit,
400 1577 504 1639 neque
523 1576 718 1639 quemquam
737 1575 807 1620 esse
825 1555 1004 1620 dimissum.
1031 1554 1096 1636 ,Illi
1114 1556 1201 1621 enim
1215 1573 1238 1614 n

191 1664 269 1708 vero
298 1664 331 1708 se
359 1642 548 1728 ostendunt,
580 1643 666 1727 quod
692 1643 806 1726 vellet,
836 1663 907 1708 esse
933 1643 1089 1708 lecturos.
1133 1644 1201 1710 Iste

191 1752 258 1798 non
284 1730 516 1815 procrastinat,
544 1731 681 1797 advocat
708 1731 828 1796 amicos
857 1731 983 1815 statim3
1011 1731 1141 1815 quaerit
1163 1754 1202 1797 ex

190 1819 232 1884 iis
269 1819 476 1921 singillatim,
513 1823 593 1921 quot
627 1819 761 1904 quisque
796 1822 914 1884 nautas
950 1819 1116 1922 habuerit3
1154 1841 1201 1886 re

191 1908 323 2060 :itti
354 1910 790 2082 tttftttttttttt
818 1910 1202 2081 tttttttmtttt
1213 2015 1236 2055 t
1292 2065 1293 2088 ,

191 2083 303 2167 homo,
330 2087 368 2148 ut
395 2087 509 2148 eontra
535 2083 598 2148 hoc
625 2084 760 2167 crimen,
787 2083 816 2147 si
843 2084 971 2168 quando
998 2105 1079 2169 opus
1104 2089 1200 2170 esset,

138 2181 190 2233 103
204 2170 424 2236 haevidclicct
437 2170 665 2236 testificatione
680 2174 834 2236 uteretur.
856 2170 1009 2237 Derisum
1022 2192 1094 2237 esse
1104 2174 1200 2239 credo

191 2259 357 2323 hominem
385 2263 547 2324 ementem
575 2281 595 2325 a
622 2259 688 2324 suis
717 2258 912 2324 consiliariis
940 2263 974 2325 et
989 2259 1199 2356 ,admonitum

190 2345 289 2410 hasce
308 2346 338 2410 ei
356 2346 487 2412 tabulas
506 2347 589 2411 nihil
607 2347 805 2440 profuturas,
827 2347 928 2412 etiem
947 2348 1021 2433 plus
1040 2370 1079 2414 ex
1097 2349 1200 2415 nimia

190 2433 351 2517 praetoris
370 2433 541 2521 diligentia
560 2435 753 2519 suspicionis
771 2435 807 2500 in
824 2455 862 2502 eo
885 2435 1019 2501 crimine
1041 2435 1197 2503 futurum.
1209 2453 1234 2495 ὅ

190 2520 261 2585 Iam
288 2521 351 2586 iste
379 2525 450 2587 erat
476 2523 539 2588 hac
564 2524 706 2588 stultitia
728 2523 840 2588 multis
863 2523 898 2587 in
920 2525 1017 2589 rebus
1040 2546 1133 2609 usus,
1161 2529 1198 2592 ut

189 2609 319 2694 publice
356 2630 496 2696 quoque,
533 2632 615 2694 quae
650 2611 763 2695 vellet,
798 2611 833 2675 in
866 2611 995 2677 litteras
1027 2612 1197 2679 civitatum

191 2697 278 2778 [tolli
304 2701 351 2779 et]
379 2698 493 2764 referri
519 2697 657 2782 iuberet,
685 2720 767 2782 quae
793 2699 903 2765 omnia
924 2721 1010 2766 nunc
1031 2701 1197 2788 intellegit

191 2785 254 2850 sibi
271 2786 355 2851 nihil
372 2786 535 2871 prodesse,
552 2789 768 2870 posteaquam
786 2787 883 2852 certis
902 2787 1032 2873 litteris,
1054 2790 1195 2856 testibus

136 2869 182 2936 40
193 2873 505 2958 auctoritatibusque
526 2874 735 2938 convincitur.
771 2871 838 2940 Ubi
859 2876 921 2941 hoc
943 2876 1040 2960 videt,
1063 2876 1231 2942 illorumo

190 2961 434 3046 confessionem,
457 2961 719 3027 testificationem
738 2983 839 3047 suam,
862 2964 1003 3029 tabellas
1023 2963 1087 3030 sihi
1103 2967 1194 3032 nullo

190 3049 376 3114 adiumento
403 3049 544 3134 futuras,
571 3049 634 3114 init
661 3049 831 3116 consilium
857 3073 924 3118 non
950 3051 1081 3137 inprobi
1104 3076 1195 3138 prae

188 3137 271 3203 toris
300 3135 389 3222 (nam
413 3136 448 3201 id
470 3136 600 3222 quidem
623 3141 710 3202 esset
731 3138 923 3224 ferendum),
950 3140 1006 3204 sed
1028 3140 1194 3225 inportuni

189 3227 287 3308 atque
301 3224 440 3289 amentis
454 3225 599 3310 tyranni3
618 3226 743 3309 statuit,
762 3226 791 3292 si
807 3227 870 3292 hoc
888 3227 1010 3293 crimen
1028 3230 1193 3295 extenuari

188 3311 289 3376 vellet
325 3310 416 3398 (nam
453 3313 584 3378 omnino
617 3314 691 3378 tolli
722 3333 818 3397 posse
848 3337 915 3380 non
947 3315 1229 3404 arbitrabatur),³⁵

188 3397 370 3463 nauarchos
403 3400 521 3483 omnis,
552 3400 646 3464 testis
679 3400 730 3464 sui
762 3403 906 3486 sceleris,
938 3403 1006 3468 vita
1033 3425 1104 3469 esse
1132 3405 1193 3490 pri-

138 3493 189 3547 104
207 3484 338 3549 vendes.
380 3483 577 3550 Occurrebat
598 3487 658 3550 illa
674 3487 772 3551 ratio:
800 3487 898 3562 ‘Quid
922 3489 1094 3557 Cleomene
1116 3493 1192 3558 fiet?
