2576 3882
374 181 443 240 LIB.
462 183 489 239 ΙΙ
530 183 609 240 ῦΑΡ.
628 189 697 240 5-r
716 195 731 252 ξ
753 193 863 242 13-19.
1055 191 1121 258 205

110 327 266 414 potuistis
294 328 402 412 priore
428 328 554 394 actione
577 328 662 394 cives
685 328 850 398 Romanos
872 331 1121 402 honestissimos

109 439 150 481 ex
178 413 290 481 Sicilia
316 416 476 501 plurimos
504 416 653 482 maximis
682 417 720 483 de
748 421 857 504 rebus,
888 424 921 486 et
948 443 1029 505 quas
1056 423 1122 508 ipsi

110 505 312 590 accepissent
338 504 487 588 iniurias,
515 508 548 570 et
571 526 651 588 quas
675 506 794 572 scirent
817 531 888 574 esse
911 509 984 574 aliis
1006 510 1121 597 saetas,

110 615 170 679 pro
192 593 381 658 testimonio
405 593 519 659 dicere.
554 592 627 679 Ego
649 594 721 679 hoc,
744 596 831 679 quod
852 597 1018 684 intellego,
1041 600 1121 666 iudi-

83 700 173 764 eces,
196 681 242 746 sic
265 680 433 746 confirmo:
457 679 580 746 Videor
602 681 683 747 mihi
706 687 837 768 gratum
859 684 975 751 fecisse
994 683 1121 772 Siculis,

111 769 197 854 quod
219 791 332 834 eorum
354 769 489 834 iniurias
513 791 585 834 meo
609 770 735 855 labore,
760 772 954 856 inimicitiis,
976 776 1122 860 periculo

110 879 183 923 sum
211 861 412 942 persecutum
444 879 511 923 non
537 857 644 923 minue
672 858 734 926 hoo
760 864 892 946 gratum
919 883 971 926 me
997 864 1120 930 nostris

110 945 235 1012 civibus
266 945 423 1032 intellego
456 946 585 1031 fecisse,
619 947 674 1030 qui
705 948 768 1014 hoc
800 949 1001 1034 existimant,
1030 952 1120 1038 iuris,

109 1033 286 1118 libertatis,
318 1056 426 1099 rerum
457 1034 725 1119 fortunarumque
758 1057 889 1102 suarum
919 1040 1059 1105 salutem
1086 1041 1121 1104 in

71 1139 97 1180 ro
111 1121 207 1187 istius
242 1122 449 1187 damnatione
481 1123 666 1189 consistere.
717 1123 922 1212 Quapropter
954 1127 993 1192 dc
1023 1127 1120 1194 istius
1140 1140 1171 1191 17

110 1213 264 1296 praetura
291 1208 452 1276 Siciliensi
478 1233 543 1276 non
571 1233 684 1277 recuso
713 1214 791 1296 quin
817 1214 866 1278 ita
893 1236 944 1281 me
972 1217 1121 1301 audiatis,

110 1302 161 1382 ut,
188 1299 216 1363 si
243 1299 394 1384 cuiquam
422 1299 532 1386 generi
559 1300 728 1366 hominum
756 1301 824 1366 sive
847 1299 1029 1370 Siculorum
1053 1306 1120 1372 sive

108 1390 296 1452 nostrorum
326 1387 457 1472 civium,
490 1388 518 1454 si
545 1389 696 1472 cuiquam
724 1389 831 1454 ordini
857 1390 925 1457 sive
953 1396 1121 1460 aratorum

110 1474 179 1541 sive
210 1477 435 1560 pecuariorum
467 1478 535 1542 sive
567 1481 784 1543 mercatorum
816 1480 973 1563 probatus
1003 1481 1060 1566 sit,
1092 1482 1120 1547 si

68 1580 95 1622 1⁵
108 1585 176 1629 non
188 1563 306 1628 horum
323 1565 467 1629 omnium
485 1566 664 1630 communis
683 1566 789 1630 hostis
808 1568 993 1653 praedoque
1011 1569 1119 1654 fuerit,

110 1651 139 1716 si
171 1652 322 1736 cuiquam
354 1652 490 1736 denique
517 1653 586 1716 ulla
612 1653 709 1718 inre
736 1675 891 1738 umquam
920 1659 1120 1742 temperarit,

109 1743 147 1804 ut
169 1761 227 1806 vos
252 1761 378 1824 quoque
401 1741 431 1806 ei
453 1741 652 1824 temperetis.

177 1827 248 1913 Qui,
272 1828 368 1894 simul
388 1832 485 1914 atque
504 1828 534 1892 ci
551 1831 639 1894 sorte
659 1829 826 1913 provincia
844 1827 956 1897 Sicilia
978 1831 1121 1918 obvenit,

110 1917 224 1982 statim
242 1916 365 1982 Romae
388 1921 422 1984 et
445 1917 486 1982 ad
507 1917 630 2000 urbem,
654 1919 829 2000 antequam
852 1919 1137 2005 proficisceretur„

69 2023 96 2062 2⁰
110 2027 263 2089 quaerere
286 2005 356 2090 ipsc
379 2027 488 2071 secum
512 2007 545 2070 et
568 2005 695 2090 agitare
718 2027 791 2070 cum
815 2006 881 2070 suis
906 2009 1025 2093 coepit,
1052 2009 1120 2093 qui-

109 2093 248 2160 busnam
279 2094 376 2160 rebus
408 2094 444 2158 in
475 2115 513 2158 ea
544 2092 711 2178 provincia
737 2094 914 2160 maximam
940 2117 1005 2161 uno
1034 2119 1118 2164 anno

108 2182 279 2266 pecuniam
305 2181 412 2247 faeere
438 2184 559 2266 posset.
603 2180 747 2246 Nolebat
763 2181 809 2246 in
836 2183 961 2268 agendo
988 2184 1119 2270 discere,

108 2270 244 2334 tametsi
274 2291 340 2336 non
371 2269 556 2355 provinciae
587 2269 677 2334 rudis
705 2273 776 2334 erat
804 2274 837 2336 et
864 2271 942 2357 tiro,
975 2274 1031 2338 sed
1060 2273 1120 2355 [si-
1167 2298 1170 2303 ·

109 2357 216 2439 ciliae]
249 2362 383 2442 paratus
414 2358 455 2424 ad
484 2357 639 2442 praedam
666 2357 904 2444 meditatusque
931 2361 1041 2428 venire
1068 2385 1120 2429 cu·
1234 2358 1244 2365 ’

68 2463 95 2504 se
109 2446 230 2531 piabat.
271 2445 298 2512 0
320 2447 486 2531 praeclare
508 2446 689 2512 coniectum
712 2469 733 2512 a
753 2447 852 2535 volgo
875 2448 910 2512 in
931 2448 1025 2515 illam
1047 2473 1119 2535 pro·
1139 2463 1148 2484 ‘¹

109 2534 250 2600 vinciam
273 2555 369 2600 omen
391 2533 571 2600 communis
594 2533 702 2599 famae
725 2539 823 2620 atquc
846 2537 1019 2622 sermonis,
1046 2561 1119 2604 cum

110 2644 149 2687 ex
166 2622 297 2688 nomine
314 2623 419 2707 istius,
442 2623 599 2707 quidiste
616 2622 652 2686 iu
669 2623 837 2707 provincia
854 2624 1000 2691 facturus
1024 2631 1119 2710 esset,

109 2711 301 2796 perridicule
319 2711 467 2777 homines
489 2711 748 2796 augurabantur!
779 2711 911 2779 Etenim
934 2714 1005 2797 quis
1030 2714 1118 2780 dubi-

108 2805 180 2864 tare
199 2803 321 2884 posset,
343 2821 416 2866 cum
432 2799 529 2869 istius
547 2799 583 2863 in
603 2803 779 2882 quaestura
801 2800 915 2886 fugam
938 2806 971 2866 et
993 2802 1118 2867 furtum

68 2905 95 2946 ³0
109 2892 365 2973 recognosceret,
384 2909 457 2956 cum
470 2887 505 2951 in
518 2887 682 2972 legatione
696 2888 889 2972 oppidorum
905 2889 1118 2974 fanorumque

109 2975 322 3060 spoliationes
349 2976 523 3061 cogitaret,
550 2997 623 3040 cum
648 2975 773 3042 videret
794 2977 828 3042 in
851 2977 923 3042 foro
946 2977 1118 3043 latrocinia

108 3067 295 3150 praeturae,
324 3064 430 3148 qualis
450 3063 514 3128 iste
536 3061 571 3126 in
594 3067 711 3147 quarto
735 3068 812 3130 actu
833 3065 1044 3150 inprobitatis
1067 3065 1118 3131 fu-

108 3158 202 3218 turus
224 3152 331 3218 esset?
368 3151 477 3236 Atque
499 3154 537 3216 ut
559 3150 761 3236 intellegatis
785 3174 858 3218 eum
876 3152 999 3217 Romae
1024 3160 1154 3237 quae-7

109 3240 191 3306 sisse
223 3261 289 3306 non
321 3241 417 3314 modo
448 3261 567 3326 genera
592 3239 734 3324 furandi,
766 3241 822 3306 sed
850 3241 950 3309 etiam
977 3241 1118 3327 nomina,

66 3347 94 3390 aa
109 3328 327 3396 certissimum
347 3329 482 3414 accipite
502 3331 739 3414 argumentum,
763 3350 826 3413 quo
844 3328 973 3395 facilius
994 3329 1032 3396 de
1056 3331 1118 3398 sin·

109 3417 219 3504 gulari
241 3417 309 3482 eius
332 3415 534 3503 impudentia
557 3416 752 3482 existumare
774 3417 917 3502 possitis.

178 3505 248 3582 Quo
277 3507 328 3572 die
354 3503 497 3574 Siciliam
526 3504 640 3591 attigit
667 3503 800 3592 (videte,
833 3507 955 3572 satisne
983 3514 1117 3594 paratus
1138 3522 1169 3570 19
