2622 3884
168 214 234 279 326
470 212 510 267 ΙΝ
527 212 556 268 0.
570 213 725 268 VERREM
743 213 821 273 AO'I'.
841 213 875 270 11.

167 379 280 425 eonem
295 361 387 423 tunm
401 362 643 443 recuperatores
658 358 750 424 dabis
765 361 823 424 aut
835 359 931 424 illum
945 359 1045 425 etiam
1059 360 1181 445 ipsum,

169 468 264 532 quem
290 451 329 511 tn
354 447 389 511 in
411 448 545 512 cohorte
567 450 625 512 tua
648 445 840 512 Cassianum
863 447 1000 514 iudicem
1022 448 1181 533 habebas,

169 535 197 600 si
212 557 276 619 qua
289 557 341 600 res
355 535 460 600 maior
478 538 573 619 esset,
591 535 758 620 Papirium
772 535 996 621 Potamonem,
1012 537 1181 602 hominem

169 645 317 689 severum
335 646 374 689 ex
392 627 500 688 vetere
517 624 578 688 illa
595 623 739 709 equestri
761 623 956 710 disciplina?
995 622 1180 691 Scandilius

167 713 335 797 postulare
354 713 393 778 de
411 715 572 778 conventu
589 715 843 797 recuperatores.
884 713 968 778 Tum
990 714 1054 780 iste
1075 718 1207 801 negate

169 822 203 866 se
236 801 274 865 de
307 800 546 866 existimatione
579 822 637 866 sua
664 801 815 885 cuiquam
841 801 907 866 nisi
934 802 1001 867 suis
1029 803 1181 868 commis-

169 911 289 954 surum.
328 889 560 976 Negotiatores
579 889 642 954 sibi
662 892 780 974 putant
803 911 874 954 esse
896 894 993 976 turpe
1014 890 1048 955 id
1069 890 1181 957 forum

169 977 232 1042 sibi
263 977 410 1062 iniquum
442 977 576 1061 eierare,
607 977 664 1042 ubi
692 978 915 1064 negotiantum
946 983 1080 1063 praetor
1105 1001 1181 1065 pro·

118 1077 167 1128 138
185 1066 326 1133 vinciam
358 1088 451 1131 suam
480 1065 544 1131 sibi
569 1069 674 1130 totam
701 1065 847 1150 iniquam
869 1066 980 1132 eierat.
1021 1067 1180 1154 Oimpu-

169 1155 313 1221 dentiam
332 1155 546 1240 singularem!
585 1152 649 1218 Hic
671 1155 819 1238 postulat
841 1173 876 1220 se
893 1153 1019 1220 Romae
1042 1156 1181 1240 absolvi,
1196 1176 1222 1215 ιο

168 1353 278 1418 posse,
307 1331 363 1416 qui
389 1331 464 1416 plus
492 1330 655 1396 existimet
683 1331 769 1415 apud
792 1330 987 1397 lectissimos
1011 1336 1181 1398 senatores

167 1419 338 1506 pecuniam
357 1441 455 1503 quam
474 1419 561 1503 apud
577 1423 645 1483 tres
663 1419 887 1505 negotiatores
908 1423 1032 1486 metum
1055 1421 1181 1486 valere!

169 1507 350 1574 Scandilius
364 1529 441 1572 vero
455 1510 556 1592 negat
570 1527 640 1572 sese
655 1507 741 1592 apud
750 1507 995 1574 Artemidorum
1011 1531 1181 1595 recupera·

167 1600 274 1662 torem
303 1596 438 1661 verbum
468 1617 538 1660 esse
564 1595 728 1661 facturum
755 1599 789 1662 et
815 1599 926 1662 tamen
953 1600 1052 1682 auget
1079 1601 1180 1682 atque
1194 1617 1220 1656 1⁵

170 1688 284 1752 onerat
310 1688 344 1749 te
371 1683 467 1748 bonis
495 1683 752 1767 condicionibus,
780 1683 870 1749 situ
892 1684 942 1749 uti
964 1685 1060 1769 velis,
1088 1685 1117 1750 si
1139 1707 1181 1751 ex

168 1772 337 1859 provincia
359 1769 470 1838 Sicilia
496 1775 569 1838 tota
592 1775 719 1837 statuas
743 1772 845 1837 alium
866 1772 1004 1838 iudicem
1025 1773 1181 1840 idoneum

170 1865 227 1927 ant
244 1864 505 1946 recuperatorem
522 1861 650 1926 nullum
667 1882 764 1946 posse
781 1861 926 1946 reperiri,
949 1863 1096 1946 postulat
1119 1863 1179 1928 abs

118 1962 169 2012 189
187 1955 230 2035 te,
247 1953 285 2014 ut
297 1949 438 2016 Romam
450 1970 520 2013 rem
533 1949 657 2014 reicias.
688 1947 751 2014 Hic
765 1949 851 2014 enim
865 1971 943 2015 vero
959 1952 997 2014 tu
1016 1951 1179 2015 exclamas

168 2039 335 2104 hominem
360 2038 560 2123 improbum,
588 2037 644 2121 qui
670 2037 818 2122 postulet
843 2037 890 2102 ibi
918 2037 957 2102 de
984 2041 1043 2104 tua
1069 2038 1180 2104 existi·
1194 2059 1221 2098 so

170 2127 313 2192 matione
330 2125 484 2191 iudicium
503 2125 583 2208 fieri,
605 2125 662 2189 ubi
684 2129 718 2189 te
739 2125 936 2190 invidiosum
959 2147 1030 2192 esse
1051 2126 1180 2192 intelle·

169 2220 242 2300 gat,
263 2234 365 2300 negas
388 2218 422 2279 te
442 2213 580 2278 Romam
603 2214 809 2298 reiecturum,
832 2234 933 2300 negas
956 2214 996 2279 de
1018 2219 1181 2281 conventu

169 2305 412 2387 recuperatores
427 2301 587 2386 daturum,
604 2302 772 2366 eohortem
785 2305 876 2366 tuam
890 2303 1054 2388 proponis.
1082 2301 1180 2370 Scan·

171 2391 267 2456 dilius
295 2411 363 2454 rem
391 2410 425 2454 se
451 2392 557 2455 totam
580 2389 768 2455 relicturum
792 2389 870 2456 dicit
893 2394 926 2455 et
949 2413 1007 2457 suo
1030 2396 1180 2477 ternpore

170 2501 241 2544 esse
262 2477 452 2543 rediturum.
492 2478 597 2554 Quid?
620 2482 658 2544 tu
679 2479 727 2543 ibi
748 2482 830 2543 tum-
843 2478 921 2564 quid
942 2479 1045 2545 facis?
1082 2479 1180 2546 Scan·
1193 2499 1220 2540 ²5

170 2567 284 2632 dilium
312 2565 402 2652 cogis
429 2603 473 2614 -
501 2566 599 2650 quid?
628 2567 834 2650 sponsionem
861 2571 1027 2652 acceptam
1047 2567 1179 2634 facere?

169 2653 367 2740 Inpudenter
384 2654 476 2719 tollis
497 2657 702 2739 expectatum
726 2655 975 2721 existimationis
998 2660 1074 2722 tuae
1097 2657 1180 2722 iudi·

119 2754 171 2804 140
189 2745 287 2828 cium3
309 2764 376 2808 non
392 2742 483 2808 facis.
524 2742 608 2819 Quid
631 2743 732 2829 ergo?
764 2743 911 2829 Apronio
933 2744 1108 2828 permittis,
1131 2750 1180 2829 ut,

171 2854 253 2918 quos
269 2831 358 2915 velit,
376 2832 416 2895 de
434 2831 566 2896 cohorte
585 2835 693 2897 sumat
710 2832 976 2916 recuperatores?
1002 2831 1180 2920 Indignum

171 2921 227 2986 uni
245 2920 353 3005 potius
373 2942 412 2985 ex
429 2919 549 3003 iniquis
568 2919 718 2984 sumundi
739 2942 837 3004 quam
855 2921 984 3005 utrique
1003 2943 1043 2986 ex
1065 2922 1178 3007 aequis
1193 2941 1220 2982 co

169 3009 326 3074 reiciundi
343 3008 414 3072 fieri
431 3011 637 3093 potestatem.
666 3007 827 3074 Neutrum
844 3008 925 3074 facis
945 3031 1065 3075 eorum.
1093 3009 1178 3086 Quid

168 3097 272 3182 ergo?
320 3095 424 3162 Estne
456 3095 592 3179 aliquid,
624 3096 709 3180 quod
740 3096 920 3182 improbius
949 3097 1021 3162 fieri
1050 3099 1180 3182 possit?

170 3184 247 3270 Est,
263 3185 351 3271 cogit
365 3185 451 3250 enim
465 3182 662 3250 Scandilium
678 3184 818 3269 quinque
832 3185 891 3250 illa
904 3185 997 3251 milia
1009 3208 1181 3252 nummum

171 3274 248 3338 dere
271 3277 369 3357 atque
392 3273 603 3338 adnumerare
621 3271 778 3357 Apronio.

237 3359 321 3435 Quid
340 3361 450 3444 potuit
472 3360 652 3446 elegantius
673 3359 781 3426 facere
803 3365 936 3446 praetor
958 3362 1093 3448 cupidus
1116 3365 1179 3429 exi·
1193 3381 1219 3424 cs

172 3446 369 3512 etimationis
388 3449 501 3530 bonae,
525 3448 579 3532 qui
599 3449 641 3513 ab
660 3470 694 3513 se
716 3470 844 3514 omnem
867 3450 1083 3536 suspicionem
1106 3474 1180 3538 pro·
1284 3525 1288 3534 ,

119 3537 160 3601 61
171 3533 311 3616 pulsare,
333 3534 442 3618 quise
461 3535 585 3620 eripere
604 3558 643 3600 ex
660 3535 797 3602 infamia
815 3540 968 3624 cuperet?
1009 3539 1179 3607 Adductus

5 3745 126 3836 s-
