2590 3884
173 209 237 274 118
412 206 452 262 IN
471 207 502 274 Q.
517 205 715 263 CAECILIUM
733 207 946 264 Dsvmarlo„

171 375 212 418 no
233 353 334 418 libido
356 353 528 419 violandae
550 352 797 418 necessitudinis
821 353 1016 420 auctoritate
1039 355 1183 422 iudicum

172 441 447 526 comprobaretur.
492 441 601 526 Atque
625 442 683 506 ille
706 440 762 507 Gn.
780 440 955 527 Pompeius
976 443 1027 510 ita
1049 467 1124 509 oum
1147 443 1183 510 0.

170 529 256 594 Iulio
282 530 461 614 contendit,
488 533 526 595 ut
548 533 586 594 tu
608 551 747 614 meeum;
775 535 929 615 quaestor
952 533 1038 597 enim
1061 532 1184 598 Albuci

170 617 286 703 fuerat,
308 622 347 683 ut
364 621 402 684 tu
419 618 546 702 Verris,
567 617 670 684 Iulius
693 618 756 684 hoo
779 640 887 685 secum
911 621 1118 686 auctoritatis
1142 621 1184 687 ad

171 706 387 772 accusandum
415 707 584 790 efferebat,
613 707 711 791 quod,
738 710 777 772 ut
801 707 863 773 hoc
885 711 1032 794 tempore
1054 730 1116 774 nos
1141 711 1211 775 aba

171 792 303 879 Siculis,
326 795 374 860 sio
390 798 461 862 tum
480 795 537 860 ille
557 795 598 860 ab
618 792 729 860 Sardis
752 799 888 882 rogatus
912 796 954 862 ad
975 819 1110 864 causam
1133 821 1184 864 ae

171 887 321 949 cesserat.
358 880 492 968 Semper
509 883 589 948 haee
608 905 706 949 eausa
723 884 901 968 plurimum
918 885 1033 970 valuit,
1055 907 1186 972 semper

170 972 251 1039 haee
287 972 372 1037 ratio
405 971 576 1038 accusandi
607 971 671 1036 fuit
702 972 947 1059 honestissima,
982 996 1042 1059 pro
1075 975 1185 1059 sociis,

170 1083 230 1146 pro
257 1061 363 1126 salute
385 1060 583 1146 provinciae,
610 1082 670 1144 pro
694 1065 879 1126 exterarum
902 1062 1074 1128 nationum
1096 1085 1186 1128 eom-

61 1157 63 1162 '
171 1148 275 1215 modis
307 1149 495 1214 inimicitias
527 1148 703 1233 suscipere,
735 1149 778 1213 ad
807 1149 989 1234 periculum
1021 1151 1186 1236 accedere,
1200 1173 1226 1213 ιο

118 1377 152 1426 64

117 2392 153 2443 dd

216 1258 318 1320 erum,
342 1235 498 1321 studium,
521 1237 667 1303 laborem
690 1237 905 1324 interponere.

118 1258 214 1364 20οΡ
237 1324 370 1390 Etenim
390 1325 418 1389 si
435 1325 616 1408 probabilis
634 1329 686 1391 ert
704 1347 816 1391 eorum
837 1348 943 1411 causa,
967 1326 1023 1411 qui
1045 1326 1186 1392 iniurias

172 1434 247 1478 suas
274 1412 425 1496 persequi
451 1413 581 1498 volunt,
608 1436 671 1497 que
697 1413 733 1479 in
760 1435 795 1478 re
822 1413 927 1480 dolori
950 1436 1022 1499 suo,
1045 1436 1115 1482 non
1137 1417 1186 1481 rei
1279 1433 1280 1482 l

170 1500 319 1584 publicae
356 1501 534 1566 commodis
569 1501 727 1586 serviunt,
764 1505 887 1586 quanto
918 1502 980 1567 illa
1011 1503 1187 1570 honestior
1279 1485 1280 1568 l

170 1610 268 1654 causa
287 1592 346 1673 est,
366 1611 447 1673 quae
465 1610 533 1654 non
550 1590 657 1655 solum
674 1590 856 1674 probabilis
873 1590 986 1676 videri,
1006 1592 1063 1656 sed
1082 1593 1186 1658 etiam
1201 1613 1225 1653 ιε

170 1681 267 1763 grata
294 1698 366 1742 esso
395 1677 504 1762 debet,
530 1678 623 1743 nulla
649 1679 806 1762 privatim
831 1683 965 1763 accepta
987 1679 1110 1746 iniuria
1133 1703 1186 1746 so·
1279 1715 1280 1746 l

170 1767 294 1832 ciorum
322 1770 420 1850 atque
446 1765 625 1831 amicorum
647 1766 761 1851 populi
783 1765 924 1832 Romani
947 1767 1061 1834 dolore
1085 1773 1186 1855 atque

169 1855 296 1920 iniuriis
324 1855 534 1921 commoveri!
570 1854 684 1937 Nuper
707 1877 779 1920 cum
807 1855 842 1920 in
870 1856 904 1920 P.
925 1854 1105 1921 Gabinium
1133 1858 1186 1923 vir

169 1943 369 2008 fortissimus
388 1947 422 2008 et
444 1943 728 2009 innocentissimus
750 1943 786 2008 L.
804 1943 881 2008 Piso
905 1943 1106 2010 delationem
1127 1967 1187 2011 no·
1279 1929 1280 2008 l

169 2032 266 2096 minis
294 2032 479 2116 postularet
506 2034 539 2096 et
561 2034 676 2097 contra
699 2029 735 2106 Q.
756 2029 915 2096 Caecilius
938 2036 1067 2117 peteret
1090 2035 1184 2119 isque
1199 2055 1225 2094 so

170 2143 205 2188 se
222 2124 349 2188 veteres
367 2119 555 2185 inimicitias
574 2120 640 2184 iam
659 2119 715 2183 diu
738 2124 905 2204 susceptas
923 2121 1074 2205 persequi
1100 2122 1186 2187 dice-
1279 2115 1280 2190 l

170 2215 234 2295 ret,
257 2232 331 2275 cum
349 2208 527 2275 auctoritas
551 2211 584 2273 et
607 2208 749 2293 dignitas
772 2206 902 2272 Pisonis
924 2209 1059 2274 valebat
1081 2211 1187 2294 pluri-

171 2320 274 2382 mum,
302 2301 374 2362 tum
395 2297 455 2362 illa
478 2301 549 2361 erat
572 2318 670 2362 eausa
692 2296 886 2381 iustissima,
911 2297 997 2382 quod
1020 2320 1097 2362 eum
1121 2299 1187 2364 sibi

172 2385 295 2452 Achaei
321 2389 497 2468 patronum
525 2384 727 2468 adoptarant.
772 2384 906 2452 Etenim
933 2407 1006 2451 oum
1034 2387 1089 2451 lex
1111 2387 1187 2472 ipsa

169 2476 211 2539 de
225 2475 369 2559 pecuniis
384 2475 570 2558 repetundis
586 2473 746 2539 sociorum
761 2477 858 2557 atque
872 2474 1049 2540 amicorum
1068 2477 1186 2561 populi
1199 2493 1226 2536 rs

171 2562 311 2628 Romani
327 2566 468 2646 patrona
486 2563 539 2646 sit,
561 2562 708 2647 iniquum
732 2566 871 2626 estnon
894 2584 967 2627 eum
990 2563 1076 2648 legis
1100 2563 1185 2629 iudi·
1279 2589 1280 2622 l

167 2652 277 2735 ciique
293 2653 438 2717 actorem
455 2651 607 2715 idoneum
625 2649 765 2715 maxime
783 2650 902 2734 putari,
921 2672 1017 2734 quem
1036 2655 1187 2718 actorem

167 2761 289 2806 causae
317 2760 395 2804 suae
422 2738 502 2804 socii
530 2737 794 2823 defensoremque
818 2737 1026 2804 fortunarum
1049 2759 1186 2806 suarum
1279 2745 1280 2828 ζ

171 2828 380 2914 potissimum
407 2847 477 2892 esse
499 2827 682 2893 voluerunt.
721 2825 788 2910 An,
816 2826 902 2910 quod
925 2826 966 2892 ad
988 2849 1186 2894 commemo·

171 2918 309 2982 randum
337 2919 388 2981 est
414 2915 596 2999 honestius,
624 2915 657 2978 id
686 2915 726 2979 ad
753 2915 957 2999 probandum
983 2936 1051 2980 non
1076 2917 1185 2983 multo
1200 2936 1226 2976 ao
1279 2921 1280 3006 l

171 3006 274 3071 videri
291 3005 387 3070 debet
406 3004 560 3088 aequius?
592 3002 677 3070 Utra
689 3003 793 3090 igitur
811 3007 862 3068 est
880 3002 1090 3088 splendidior,
1108 3009 1187 3070 utra

172 3094 333 3158 illustrior
351 3091 630 3158 commemoratio:
654 3091 827 3158 ‘Accusavi
847 3113 930 3176 oum,
952 3092 1004 3158 eui
1027 3097 1186 3177 quaestor
1279 3091 1280 3174 l

172 3181 307 3266 fueram,
330 3181 460 3265 quicum
477 3203 529 3246 me
548 3202 619 3246 sors
638 3181 899 3265 consuetudoque
920 3179 1091 3264 maiorum,
1116 3182 1186 3266 qui·
1279 3225 1280 3250 r

173 3291 246 3333 eum
273 3290 325 3334 me
353 3269 487 3334 deorum
514 3269 745 3354 hominumque
772 3269 927 3334 iudicium
949 3268 1186 3356 coniunxerat,’

174 3378 228 3419 an:
258 3356 429 3422 ‘Accusavi
456 3361 576 3442 rogatu
603 3357 764 3423 sociorum
788 3360 886 3441 atque
910 3357 1103 3442 amicorum,
1132 3359 1186 3424 de·
1199 3378 1225 3419 ss

172 3441 276 3505 lectus
295 3464 367 3506 sum
386 3443 427 3508 ab
446 3445 598 3508 universa
615 3444 791 3530 provincia,
816 3445 871 3529 qui
895 3445 963 3510 eius
985 3445 1059 3511 iure
1081 3445 1187 3514 fortu-

172 3546 294 3610 nasque
314 3528 562 3595 defenderem’?
591 3531 751 3597 Dubitare
770 3534 942 3620 quisquam
959 3537 1081 3620 potest,
1106 3537 1188 3620 quin
