2564 3876
177 220 220 282 38
346 217 417 272 PRO
437 215 514 271 SEX.
533 215 663 270 Roscio
681 215 848 270 AMERINO
868 214 1006 272 ORATIO

176 364 339 450 proximo,
369 384 441 427 cum
470 361 614 425 omnium
636 361 796 425 nobilium
820 360 962 446 dignitas
987 365 1020 426 et
1044 363 1131 427 salus
1155 363 1193 426 in

178 452 350 516 discrimen
373 449 506 532 veniret,
529 453 659 534 praeter
682 455 806 514 ceteros
824 449 859 513 in
878 471 916 514 ea
933 449 1103 515 vicinitate
1118 473 1193 516 eam

177 545 305 626 partem
328 559 522 622 causamque
547 559 654 622 opera,
677 537 794 621 studio,
820 537 1014 603 auctoritate
1038 539 1194 604 defendit.

176 628 309 694 Etenim
320 632 442 692 rectum
453 626 592 711 putabet
600 649 660 710 pro
675 648 786 691 eorum
800 626 971 692 honestate
985 649 1020 692 se
1034 649 1194 714 pugnare,

177 721 313 803 propter
335 738 416 800 quos
439 715 508 800 ipse
531 714 781 779 honestissimus
799 715 884 779 inter
904 736 979 779 suos
998 717 1220 783 numerabar-s

177 811 240 870 tur.
286 804 503 888 Posteaquam
526 803 663 868 victoria
686 803 865 868 constituta
888 807 938 868 est
961 803 1002 868 ab
1026 804 1193 888 armisque

178 893 378 977 recessimus,
397 915 469 957 cum
485 892 766 976 proscriberentur
778 892 925 956 homines
940 895 1038 976 atque
1053 895 1194 958 exomni

178 983 311 1068 regione
330 983 521 1067 caperentur
539 980 572 1062 ii,
591 979 647 1064 qui
666 980 843 1044 adversarii
861 980 961 1044 fuisse
981 981 1194 1066 putabantur,

179 1076 250 1136 erat
282 1071 338 1134 ille
373 1070 493 1135 Romae
522 1067 674 1151 frequens
707 1072 804 1152 atque
835 1068 870 1132 in
897 1067 970 1133 foro
1004 1071 1036 1132 et
1068 1069 1104 1133 in
1136 1091 1193 1134 ore

178 1159 323 1224 omnium
341 1159 458 1223 cotidie
476 1156 676 1240 versabatur,
699 1156 805 1242 magis
824 1159 861 1220 ut
884 1157 1029 1221 exultare
1053 1157 1194 1223 victoria
1210 1186 1233 1225 ro

177 1247 362 1312 nobilitatis
380 1247 545 1311 videretur
563 1267 662 1329 quam
681 1243 805 1329 timere,
826 1266 868 1309 ne
887 1245 1022 1329 quidex
1045 1267 1085 1310 ee
1107 1247 1194 1312 cala-

178 1337 304 1401 mitatis
329 1334 392 1398 sibi
415 1334 581 1399 accideret.

127 1449 159 1498 1⁷
245 1423 351 1488 Erant
377 1422 407 1486 ei
433 1425 558 1486 veteres
585 1421 774 1486 inimicitiae
804 1443 878 1488 eum
910 1422 1035 1487 duobus
1063 1422 1194 1489 Rosciis

177 1506 352 1594 Amerinis,
376 1531 513 1596 quorum
532 1511 671 1574 alterum
690 1511 800 1574 sedere
818 1510 853 1574 in
872 1515 1100 1576 accusatorum
1119 1513 1194 1576 sub-

179 1601 281 1665 selliis
308 1599 416 1683 video,
444 1599 583 1664 alterum
610 1599 676 1662 tria
703 1598 834 1663 huiusce
861 1599 996 1683 praedia
1024 1600 1194 1684 possidere
1209 1627 1232 1666 11

179 1689 289 1773 audi03
313 1710 393 1773 quas
412 1687 599 1752 inimicitias
619 1687 646 1751 11
670 1692 738 1751 tam
762 1708 875 1752 cavere
898 1687 1069 1772 potuisset,
1094 1711 1195 1772 quam

148 1797 151 1802 ·
179 1781 322 1843 metuere
341 1776 477 1860 solebat,
499 1775 631 1840 1111111.
667 1773 780 1858 Neque
801 1775 896 1858 enim,
919 1775 1049 1859 iudices,
1072 1776 1196 1842 iniuria

178 1867 353 1931 metuebat.
389 1864 475 1930 Nam
494 1863 557 1928 duo
575 1863 631 1927 isti
652 1867 730 1927 sunt
747 1863 782 1928 Τ.
798 1863 906 1929 Roscii
924 1861 1078 1950 (quorum
1098 1865 1196 1930 alteri

181 1953 332 2039 Capitoni
355 1974 535 2039 cognomen
557 1955 616 2034 111,
638 1951 709 2033 1111,
733 1951 789 2035 qui
812 1951 914 2036 adest,
935 1951 1076 2038 Magnus
1100 1975 1196 2018 voca·

181 2040 249 2128 tur)
272 2043 420 2107 homines
444 2041 511 2105 eius
535 2040 636 2105 modi:
664 2040 748 2104 alter
769 2039 984 2124 plurimarum
1006 2042 1195 2126 palmarum
1208 2068 1230 2106 11

179 2135 273 2196 vetus
301 2152 338 2194 ac
364 2129 485 2193 nobilis
510 2128 674 2214 gladiator
696 2127 850 2212 habetur,
879 2128 932 2194 hio
956 2134 1066 2194 autem
1089 2151 1196 2216 nuper

180 2240 214 2282 se
246 2217 287 2282 ad
314 2239 387 2281 eum
410 2216 565 2280 lanistam
592 2217 744 2300 contulit,
774 2215 886 2300 quique
913 2220 988 2282 anto
1020 2218 1106 2283 hano
1138 2241 1196 2304 pu·

180 2326 279 2391 gnam
301 2305 366 2370 tiro
389 2308 484 2388 esset,
507 2303 593 2389 quod
616 2305 725 2388 sciam,
746 2304 843 2376 facile
865 2305 973 2388 ipsum
996 2306 1196 2392 magistrum

140 2376 159 2438 7
181 2394 300 2458 scelere
324 2392 521 2477 audaciaque
545 2392 718 2477 superavit.
754 2391 841 2457 Nam
865 2415 938 2458 oum
960 2393 1014 2459 hic
1037 2392 1197 2460 811111-

127 2453 161 2503 18
180 2482 265 2547 scius
294 2485 379 2546 esset
409 2481 573 2558 Ameriae,
600 2479 636 2545 T.
664 2485 772 2545 autem
799 2480 862 2546 iste
890 2481 1027 2546 Roscius
1057 2481 1196 2566 Romae,
1209 2510 1233 2548 11

180 2593 252 2636 oum
279 2569 334 2635 hio
360 2569 447 2634 filius
476 2569 623 2634 assiduus
651 2568 685 2633 in
711 2569 853 2653 praediis
881 2573 968 2634 esset
996 2592 1136 2654 cumque
1160 2592 1194 2636 se

179 2659 349 2724 voluntate
362 2658 466 2743 patris
481 2658 528 2722 rei
541 2657 697 2722 familiari
713 2657 863 2741 vitaeque
882 2658 1023 2723 rusticae
1042 2659 1195 2742 dedisset,

179 2748 251 2833 ipse
270 2751 379 2811 autem
397 2747 549 2832 frequens
567 2744 691 2810 Romae
711 2749 805 2830 esset,
824 2746 980 2811 occiditur
999 2745 1039 2812 ad
1057 2747 1195 2814 balneas

179 2833 362 2901 Pallacinas
399 2835 525 2900 rediens
554 2856 573 2898 a
601 2854 680 2898 cena
714 2829 784 2897 Sex.
816 2833 963 2900 Roscius.
1013 2832 1115 2919 Spero
1157 2858 1196 2900 ex

179 2924 242 2990 hoe
264 2925 336 3009 ipso
359 2945 425 2989 nou
448 2943 518 2987 esse
542 2921 723 3004 obscurum,
747 2921 788 2985 ad
811 2944 906 3006 quem
930 2923 1070 3008 suspicio
1094 2925 1234 2989 maleae

179 3013 245 3079 ficii
267 3012 443 3097 pertineat3
465 3031 578 3075 verum
601 3009 643 3093 id,
667 3009 752 3093 quod
775 3010 879 3076 adhue
900 3015 951 3076 est
968 3011 1196 3096 suspiciosum,

179 3101 244 3165 nisi
265 3100 469 3185 perspicuum
493 3119 545 3162 res
567 3097 641 3182 ipsa
662 3097 784 3182 feeerit,
807 3100 893 3164 hunc
917 3099 1055 3164 adfinem
1079 3101 1197 3186 culpae

179 3188 365 3254 iudicatote.

129 3299 162 3348 19
248 3276 361 3341 Occiso
376 3272 447 3340 Sex.
461 3271 579 3340 Roscio
593 3275 719 3359 primus
733 3274 902 3340 Ameriam
915 3277 1046 3341 nuntiat
1059 3275 1196 3342 Mallius

181 3363 317 3428 Glaucia
349 3362 493 3447 quidam,
525 3363 624 3427 homo
657 3363 776 3447 tenuis,
809 3363 994 3447 libertinus,
1027 3364 1128 3430 cliens
1163 3369 1198 3430 et
1211 3392 1237 3434 ss

181 3449 352 3514 familiaris
373 3451 468 3515 istius
487 3450 522 3514 T.
541 3450 647 3534 Rosci,
672 3455 704 3515 et
726 3452 857 3516 nuntiat
881 3451 1012 3517 domum
1034 3474 1101 3517 non
1124 3453 1198 3538 filii,

182 3535 238 3600 sed
257 3536 292 3600 T.
312 3536 480 3622 Capitonis
503 3538 639 3622 inimici3
663 3542 696 3603 et
719 3560 791 3604 eum
814 3544 891 3624 post
913 3540 1029 3606 horam
1051 3541 1197 3626 primam
