2576 3882
191 157 257 223 240
491 153 530 208 IN
549 153 577 208 G.
592 152 748 208 VERREM
766 152 846 208 ACT.
866 154 898 210 ll.

190 301 254 366 fuit
271 305 371 365 aenea
388 298 503 364 tabula
520 298 585 364 fixa
599 297 748 363 Thermis
766 297 801 362 in
819 298 917 383 curia,
935 299 971 362 in
989 320 1054 383 qua
1070 299 1200 384 publico

192 392 262 454 erat
295 388 333 452 de
362 387 458 452 huius
485 387 648 453 benefieiis
677 387 833 471 scriptum
861 390 894 452 et
919 385 1079 452 incisum?
1117 409 1201 472 quaa

191 476 306 543 tabula
332 479 402 542 tum
430 475 567 562 imperio
594 479 652 541 tuo
678 475 821 559 revulsa,
849 497 934 541 nunc
962 498 982 540 a
1009 496 1059 541 ma
1087 478 1202 541 tamen
1265 503 1266 526 1

193 565 363 649 deportata
390 568 454 647 est,
480 568 518 628 ut
545 585 656 630 omnes
684 564 752 629 eius
779 564 920 629 honores
948 563 1033 629 inter
1062 585 1139 629 suos
1167 568 1202 629 et
1265 613 1266 630 c

140 669 191 717 113
210 654 456 738 amplitudinem
470 657 604 738 possent
617 672 819 738 cognoscere.
846 651 949 718 Estne
962 651 1025 736 hie,
1044 652 1099 736 qui
1113 652 1224 736 apuds
1265 645 1266 684 l

192 741 250 809 Gn
258 741 458 828 Pompeium,
473 741 690 808 clarissimum
702 740 818 826 vuum,
832 762 905 806 cnm
919 743 1090 806 accusatus
1104 746 1201 826 esset,

193 830 279 916 quod
314 834 448 915 propter
484 828 519 896 0.
545 829 630 895 Mari
664 829 923 895 familiaritatem
955 833 988 894 et
1018 829 1201 915 hospitium

192 922 307 986 eontra
334 918 589 1004 rempublicam
613 917 752 983 sensisse
775 941 848 982 eum
870 917 993 983 inimici
1016 921 1049 982 ct
1072 940 1202 983 accusa·

191 1013 280 1074 tores
308 1007 376 1073 eius
404 1007 559 1090 dicerent,
587 1027 723 1091 cumque
749 1006 855 1093 magis
881 1005 1042 1072 invidioso
1065 1007 1201 1072 crimine

193 1119 292 1181 quam
313 1117 391 1162 vero
415 1098 643 1180 arcesseretur,
664 1095 714 1160 ita
736 1117 757 1160 a
775 1093 832 1161 On.
849 1093 1004 1180 Pompeio
1028 1095 1200 1160 absolutus
1215 1115 1236 1153 ιο

193 1189 252 1269 est,
275 1187 313 1248 nt
330 1185 365 1248 in
384 1205 421 1248 co
444 1184 516 1267 ipso
534 1183 652 1248 indicio
669 1181 844 1268 Pompeius
864 1183 950 1249 hunc
972 1182 1116 1267 hospitio
1141 1205 1201 1250 suo

193 1272 419 1359 dignissimum
434 1273 615 1337 statueret?
638 1271 687 1337 ita
699 1293 797 1358 porro
816 1271 968 1337 laudatus
986 1269 1202 1357 defensusque

193 1361 235 1426 ab
255 1359 404 1425 omnibus
424 1357 550 1445 Siculis,
573 1364 610 1425 nt
627 1359 714 1425 idem
732 1360 905 1444 Pompeius
924 1381 990 1425 non
1008 1360 1049 1425 ab
1066 1360 1202 1427 homine

192 1448 309 1532 solum,
328 1447 498 1514 sedetiam
513 1471 533 1513 a
550 1449 718 1534 provincia
735 1452 808 1513 tota
826 1470 860 1513 se
878 1449 974 1514 huius
994 1448 1202 1515 absolutione

191 1537 274 1601 inire
302 1536 444 1622 gratiam
467 1536 703 1603 arbitraretur?
743 1536 913 1603 Postremo
937 1540 1028 1602 estne
1050 1537 1117 1621 hio,
1145 1539 1202 1623 qui
1214 1553 1237 1594 1⁵

193 1628 226 1689 et
245 1624 389 1690 animum
406 1625 441 1688 in
459 1646 527 1690 rem
546 1625 709 1710 publicam
732 1625 849 1690 habuit
872 1624 1051 1690 eiusmodi
1074 1629 1107 1691 ot
1129 1629 1202 1692 tan-

192 1717 263 1778 tum
292 1713 485 1778 auctoritate
509 1713 594 1799 apud
617 1735 692 1778 suos
716 1713 801 1778 cives
823 1714 944 1797 potuit,
971 1718 1009 1779 ut
1031 1714 1202 1798 perficeret

192 1802 228 1866 in
250 1798 361 1867 Sicilia
389 1801 478 1867 solus
506 1805 539 1865 to
564 1805 727 1886 praetore,
756 1800 841 1886 quod
862 1823 929 1867 non
951 1802 1047 1868 modo
1072 1802 1202 1869 Siculus

191 1912 302 1974 nemo,
334 1889 390 1954 sed
420 1912 461 1955 ne
488 1887 599 1954 Sicilia
631 1889 759 1974 quidem
791 1893 865 1955 tota
889 1891 1063 1974 potuisset,
1095 1896 1134 1957 ut
1163 1915 1203 1958 ex

193 1977 311 2063 oppido
333 1977 481 2042 Thermis
503 1978 631 2042 nullum
654 1978 792 2064 signum,
814 1978 940 2042 nullum
964 1984 1236 2066 ornamentum
1265 2033 1266 2048 ,

192 2066 275 2132 nihil
294 2087 332 2130 ex
356 2087 457 2149 sacro,
479 2066 562 2130 nihil
585 2066 624 2131 de
646 2065 777 2152 publico
802 2065 990 2152 attingeres,
1013 2089 1086 2132 cum
1107 2091 1203 2152 prae-

194 2153 306 2220 sertim
333 2157 366 2218 et
389 2157 497 2218 essent
519 2154 624 2219 multa
646 2155 814 2240 praeclara
836 2158 869 2219 et
892 2159 929 2220 tu
952 2155 1061 2220 omnia
1083 2178 1203 2224 concu-

141 2256 193 2305 114
211 2241 336 2327 pissas?
376 2241 524 2326 Denique
546 2264 631 2308 nuno
653 2242 735 2326 vide,
758 2243 835 2327 quid
857 2242 943 2308 inter
964 2247 1006 2328 te,
1028 2243 1119 2310 ouius
1143 2269 1204 2312 no-

192 2331 278 2396 mino
311 2329 397 2413 apud
425 2328 549 2396 Siculos
577 2331 645 2396 dies
672 2330 749 2396 festi
776 2331 943 2418 agitantur
971 2337 1004 2397 et
1029 2334 1204 2416 praeclara

192 2418 252 2484 illa
275 2416 392 2483 Verria
424 2419 641 2503 celebrantur,
674 2419 763 2484 ouius
796 2423 923 2485 statuas
953 2419 1076 2486 Romae
1108 2426 1205 2490 stant
1217 2441 1240 2480 *ὁ

191 2507 361 2571 inauratae
390 2529 409 2571 a
438 2509 601 2573 communi
628 2507 769 2589 Siciliae,
803 2530 898 2593 quem
925 2507 966 2573 ad
993 2509 1125 2575 modurn
1154 2513 1205 2577 in-

193 2595 350 2679 scriptum
369 2595 526 2681 videmus,
550 2596 645 2661 datae
671 2633 707 2642 -
733 2594 820 2682 ride,
842 2596 988 2682 inquam,
1012 2597 1089 2682 quid
1111 2598 1204 2665 inter

193 2687 226 2748 te
250 2686 283 2748 et
304 2682 390 2750 hunc
414 2682 569 2767 Siculum,
592 2683 649 2768 qui
671 2684 729 2749 abs
753 2689 786 2749 te
810 2688 873 2769 est,
896 2690 1035 2768 patrono
1059 2683 1203 2774 Siciliae,

192 2771 439 2857 condemnatus,
463 2771 602 2837 intersit.
644 2772 738 2837 Hunc
761 2772 909 2838 civitates
933 2796 972 2839 ex
994 2772 1105 2840 Sicilia
1127 2799 1204 2861 per-

192 2861 316 2926 multae
347 2860 535 2926 testimonio
563 2881 621 2924 suo
649 2861 932 2946 legationibusque
961 2863 1002 2928 ad
1029 2885 1101 2928 eam
1128 2887 1203 2932 rem
1217 2884 1240 2924 so

193 2949 301 3014 missis
324 2949 453 3034 publice
476 2948 623 3032 laudant,
648 2951 694 3031 te,
717 2950 861 3015 omnium
885 2947 1066 3016 Siculorum
1089 2957 1204 3035 patro-

191 3060 278 3121 num,
300 3059 366 3103 una
387 3036 581 3102 Mamertina
604 3036 840 3121 civitas,'socia
861 3038 1023 3105 furtorum
1046 3061 1084 3105 ac
1106 3040 1204 3130 flagi-

191 3125 313 3190 tiorum
330 3128 469 3207 tuorum,
491 3124 620 3208 publice
643 3125 764 3210 laudat,
786 3127 834 3191 ita
857 3131 968 3192 tamen
989 3149 1073 3194 novo
1098 3151 1204 3218 more,

192 3216 230 3277 ut
256 3212 359 3299 legati
383 3213 527 3296 laedant,
554 3213 676 3299 legatio
700 3215 824 3299 laudet,
852 3218 978 3281 ceteras
1001 3215 1132 3300 quidem
1158 3221 1203 3286 oi-

191 3299 311 3365 ritates
333 3300 462 3385 publice
485 3301 614 3387 litteris,
637 3303 864 3388 legationibus,
887 3304 1083 3371 testimoniis
1108 3328 1204 3374 accu-
1217 3325 1239 3366 ³⁵

190 3389 275 3469 sant,
289 3392 475 3473 queruntur,
490 3395 645 3476 arguunt,
659 3391 736 3457 situ
748 3393 917 3458 absolutus
933 3393 988 3478 sis,
1001 3414 1036 3458 se
1049 3391 1202 3462 funditus

190 3493 320 3536 eversas
344 3495 414 3540 esse
438 3479 649 3544 arbitrantur.
