2600 3878
322 142 390 199 ΗΒ.
405 144 445 199 111
477 144 555 199 OAP.
575 152 680 201 er-ee
700 151 715 212 s
735 151 883 201 rer-rer.
1043 144 1109 211 335

98 288 298 354 istumarem.
339 287 442 371 lime,
468 311 541 354 eum
564 292 597 353 te
621 311 659 354 ac
681 293 773 355 tuam
795 289 899 356 vitem
920 311 1047 373 nosses,
1073 289 1108 355 in

99 375 243 442 Siciliam
261 381 370 442 tecum
391 377 548 462 grandem
570 381 811 462 praetextatum
833 378 937 442 filium
961 379 1109 463 ducebas,

98 469 149 549 ut,
176 465 317 567 etiamsi·
332 469 450 566 natura
476 488 613 550 puerum
637 489 657 531 a
683 467 831 551 paternis
854 466 944 532 vitiis
968 470 1109 551 atquae

71 553 1160 728 ⁵ttttffittttdllt{tttdttatttssta

98 731 133 795 in
151 752 189 796 eo
207 729 242 796 Ο.
255 729 346 795 Laeli
365 734 422 795 eut
439 730 483 795 M.
493 729 628 796 Catonis
647 731 817 797 materiem
835 735 934 816 atque
951 731 1107 816 indolem3

100 819 178 903 quid
210 841 249 885 ex
279 841 316 885 eo
343 819 422 884 boni
449 820 573 903 sperari
600 823 698 904 atque
725 819 810 885 effici
836 824 959 906 potest,
991 820 1046 904 qui
1072 819 1108 884 in

15 943 18 948 ·
98 907 202 992 patris
221 907 347 972 luxurie
366 907 412 972 sic
430 908 556 992 vixerit,
578 912 616 973 ut
633 909 760 973 nullum
779 931 934 992 umquam
954 908 1107 992 pudicum

60 1017 205 1148 ,atti
230 996 581 1170 tlttmttttt
604 997 1107 1170 tlttrtuttftltttt

100 1171 252 1236 mulieres
284 1175 318 1237 et
347 1171 602 1258 intemperantes
634 1174 722 1238 viros
753 1177 902 1239 versatus
935 1173 992 1257 sit,
1022 1172 1105 1237 nihil

99 1282 254 1344 nmquam
282 1249 419 1325 audierit
446 1285 467 1326 a
493 1264 602 1346 patre,
629 1284 693 1346 quo
715 1261 890 1347 pudentior
912 1264 969 1326 aut
982 1261 1106 1326 ‘melior

100 1352 196 1433 esset,
217 1348 300 1413 nihil
318 1372 473 1434 umquam
496 1353 624 1434 patrem
646 1350 752 1415 facere
775 1349 901 1432 viderit,
925 1350 1106 1434 quodcum

98 1437 247 1502 imitatus
271 1441 370 1522 esset,
396 1459 475 1522 non,
502 1437 535 1502 id
559 1437 645 1522 quod
667 1438 893 1523 turpissimum
916 1441 980 1522 est,
1002 1437 1106 1522 patris

60 1539 85 1581 1⁵
100 1525 216 1590 similis
239 1527 432 1610 putaretur?

166 1612 290 1689 Quibus
303 1614 339 1679 in
351 1614 449 1680 rebus
462 1637 529 1679 non
542 1614 649 1680 solum
666 1615 746 1699 filio,
764 1614 893 1698 Verres,
914 1614 971 1678 sed
989 1614 1089 1678 etiam
1109 1583 1159 1710 33

99 1701 148 1766 rei
165 1703 314 1787 publicae
332 1702 439 1767 fecisti
456 1703 617 1768 iniuriam,
658 1699 852 1787 Susceperas
876 1702 962 1766 enim
985 1701 1106 1766 liberos

99 1812 166 1855 non
184 1792 291 1856 solum
309 1791 379 1876 tibi,
403 1791 578 1856 sedetiam
601 1791 737 1876 patriae,
760 1791 903 1875 quinon
926 1789 1022 1854 modo
1045 1788 1107 1852 tibi

99 1879 277 1963 voluptati,
303 1879 359 1944 sed
387 1879 486 1944 etiam
514 1880 570 1964 qui
596 1879 770 1964 aliquando
793 1879 867 1944 usui
888 1878 937 1943 rei
958 1877 1107 1963 publicae

59 1983 87 2023 20
99 1971 234 2052 possent
248 1989 328 2032 esse.
359 1967 426 2032 Eos
440 1967 612 2032 instituere
627 1972 724 2052 atque
743 1967 869 2032 erudire
888 1965 930 2032 ad
947 1965 1107 2030 maiorum

99 2055 261 2140 instituta,
283 2055 325 2121 ad
347 2055 489 2121 civitatis
513 2056 727 2140 disciplinam,
749 2078 816 2121 non
838 2056 879 2121 ad
900 2059 959 2119 tua
981 2052 1108 2138 flagitia

99 2143 375 2317 ilqllpllalull
398 2141 1109 2318 ittttdttatbtta?tratti

100 2321 222 2405 probus
240 2321 342 2404 filius,
364 2320 502 2385 haberet
525 2320 649 2404 aliquid
671 2341 723 2384 res
746 2320 877 2404 publice
901 2319 960 2384 abs
983 2323 1016 2383 te
1039 2340 1109 2382 mu-

59 2425 87 2465 25
100 2409 196 2472 neris.
236 2407 331 2474 Nunc
353 2431 413 2493 pro
436 2412 470 2473 te
488 2408 626 2474 Verrem
649 2407 848 2473 substituisti
872 2409 1011 2472 alterum
1035 2405 1109 2472 civi·

101 2497 177 2580 tati3
200 2496 265 2562 nisi
286 2496 373 2562 forte
395 2495 458 2561 hoc
483 2496 624 2561 deterior
647 2499 710 2580 est,
733 2497 761 2560 si
783 2496 854 2560 fieri
876 2500 1000 2580 potest,
1022 2493 1109 2578 quod

101 2588 138 2649 tu
166 2584 234 2650 eius
261 2585 350 2650 modi
378 2585 513 2650 evasisti
538 2606 605 2649 non
631 2584 666 2648 in
690 2583 832 2648 hominis
855 2582 1024 2667 luxuriosi,
1052 2581 1109 2647 sed

101 2675 230 2737 tantum
261 2674 297 2738 in
326 2672 409 2738 furis
437 2676 535 2757 atque
564 2672 714 2737 divisoris
743 2671 914 2756 disciplina
941 2671 1109 2753 educatus3

103 2760 180 2845 quid
197 2761 262 2826 isto
279 2760 350 2826 fore
367 2760 518 2826 festivius
537 2760 743 2845 arbitramur,
765 2760 793 2825 si
811 2763 861 2827 est
879 2764 955 2824 tuus
973 2762 1091 2824 natura
1109 2769 1160 2817 162

60 2867 88 2907 ³0
101 2849 198 2933 filius,
212 2848 442 2914 consuetudine
457 2849 642 2934 discipulus,
656 2851 825 2915 voluntate
844 2848 983 2913 similis?
1006 2845 1108 2921 Quem

103 2959 174 3023 ego,
195 2937 326 3020 iudices,
349 2937 498 3020 quamvis
517 2937 639 3002 bonum
657 2937 839 3022 fortemque
861 2935 957 3000 facile
979 2939 1109 3020 paterer

102 3026 251 3109 evadere3
273 3024 444 3089 nonenim
463 3047 514 3089 me
532 3025 721 3090 inimicitiae
740 3026 954 3106 commovent,
978 3023 1006 3087 si
1026 3043 1108 3107 quae

101 3114 183 3178 mihi
198 3136 271 3179 cum
289 3112 354 3178 isto
372 3112 502 3178 futurae
520 3118 605 3180 sunt.
636 3112 723 3178 Nam
743 3113 771 3177 si
789 3112 823 3175 in
843 3111 992 3175 omnibus
1012 3111 1108 3175 rebus

101 3202 254 3267 innocens
272 3200 364 3266 fuero
383 3201 511 3285 meique
533 3201 659 3286 similis,
682 3201 759 3284 qnid
781 3198 863 3264 mihi
884 3198 979 3262 istius
1002 3198 1109 3263 inimi-

27 3351 28 3370 ,
62 3291 198 3356 assiriae
216 3289 402 3354 nocebunt?
426 3289 477 3354 sin
496 3290 606 3374 aliqua
627 3289 662 3352 in
684 3310 719 3354 re
733 3287 845 3353 Verris
869 3285 986 3350 similis
1008 3285 1110 3368 luero,

28 3417 29 3452 3
101 3402 169 3444 non
196 3378 301 3462 magis
329 3377 411 3442 mihi
438 3378 540 3442 deerit
566 3377 728 3460 inimicus,
756 3396 853 3459 quam
876 3372 973 3438 Verri
1000 3371 1109 3435 defuit.
1229 3443 1232 3450 ⁴

28 3455 31 3586 Ἰ
102 3467 249 3547 Etenim,
275 3464 410 3549 iudices,
434 3465 502 3530 eius
525 3464 613 3529 modi
635 3485 687 3527 res
710 3462 842 3548 publica
864 3460 961 3526 debet
983 3479 1053 3523 egge
1076 3462 1109 3522 et
