2600 3878
166 211 232 274 340
473 207 513 262 IN
532 207 561 263 G.
575 208 729 262 VERREM
745 207 826 264 ACT.
844 210 878 264 IL

164 354 241 420 Non
267 353 349 419 mihi
374 353 441 419 iam
467 353 606 438 furtum,
633 353 689 418 sed
716 358 898 420 monstrum
926 378 964 420 ac
989 355 1181 441 prodigium

164 443 337 508 videbatur
355 442 524 507 civitatum
546 443 746 507 frumentum
768 444 963 528 improbare,
986 465 1082 508 suum
1104 467 1181 529 pro

165 533 257 615 bare,
280 554 353 596 cum
372 552 467 596 suum
488 532 676 617 probasset,
698 532 839 617 pretium
863 533 893 597 ei
914 532 1079 596 frumento
1104 555 1180 597 con-

166 623 315 705 stituere,
342 619 428 704 quod
455 620 692 704 constituisset,
719 620 753 684 id
780 643 801 685 a
827 621 1015 685 civitatibus
1039 621 1178 704 auferre,

166 709 252 793 quod
274 731 295 773 a
316 709 438 793 populo
462 708 610 773 Romano
633 709 825 793 accepisset,
847 712 966 774 tenere.
1191 729 1204 768 ⁵
1296 757 1297 776 t

232 795 318 872 Quot
335 797 435 862 voltis
455 817 526 861 esse
545 797 581 860 in
602 818 666 862 uno
689 797 779 862 furto
801 801 1009 882 peccatorum
1032 797 1177 883 gradus?

165 889 211 970 ut,
229 886 258 950 si
272 885 410 972 singulis
428 885 579 949 insistere
598 885 705 968 velim,
723 885 877 970 progredi
894 886 957 950 iste
975 907 1042 950 non
1059 885 1176 971 possit.

164 973 324 1059 Inprobas
360 974 561 1039 frumentum
595 970 786 1038 Siculorum.
836 971 942 1048 Quid?
983 972 1053 1057 ipse
1089 974 1177 1058 quod

164 1063 292 1127 mittis?
314 1062 512 1147 peculiarem
534 1061 635 1126 habes
658 1062 803 1147 aliquam
826 1059 984 1146 Siciliam,
1007 1083 1090 1146 quae
1112 1062 1177 1126 tibi

164 1174 204 1216 ex
231 1151 296 1216 alio
324 1171 440 1236 genere
465 1150 664 1215 frumentum
686 1150 894 1235 suppeditare
917 1150 1044 1235 possit?
1091 1148 1176 1215 Cum
1190 1170 1215 1209 ro

163 1243 296 1304 senatus
315 1239 467 1321 decernit,
489 1242 527 1303 ut
550 1242 677 1303 ematur
698 1239 733 1302 in
752 1238 863 1303 Sicilia
884 1238 1093 1322 frumentum,
1118 1243 1176 1303 aut

259 1327 406 1479 eren
422 1326 631 1479 illusa
651 1325 1175 1499 elcesaitarum
1296 1337 1297 1340 Ὗ

1004 1463 1012 1499 l

163 1503 334 1569 civitatum
362 1500 490 1568 Siciliae
522 1504 621 1588 vulgo
655 1525 750 1568 omne
780 1503 978 1568 frumentum
1007 1503 1175 1588 inprobas,

162 1614 241 1656 num
268 1612 307 1656 ex
324 1589 478 1677 Aegypto
506 1591 563 1656 aut
586 1591 680 1675 Syria
705 1591 905 1656 frumentum
927 1591 1067 1656 Romam
1095 1594 1213 1656 mis-15

163 1701 257 1745 surus
276 1681 333 1744 es?
362 1679 523 1765 Inprobas
537 1679 759 1765 Halaesinum,
777 1679 1033 1764 Thermitanum,
1050 1678 1176 1765 Cepha·

162 1768 372 1852 loeditanum,
390 1768 658 1850 Amestratinum,
679 1767 945 1853 Tyndaritanum,
967 1768 1176 1853 Herbitense,

162 1858 341 1922 multarum
368 1860 537 1941 praeterea
559 1857 742 1923 civitatum!
783 1855 867 1932 Quid
893 1856 1009 1922 accidit
1031 1858 1176 1942 tandem,

161 1950 199 2010 ut
230 1945 348 2010 horum
379 1945 575 2030 populorum
603 1945 675 2030 agri
701 1945 899 2009 frumentum
927 1947 995 2011 eius
1023 1947 1111 2010 modi
1140 1951 1175 2010 te
1287 2009 1297 2036 Ὗ

161 2038 313 2119 praetore
343 2033 480 2116 ferrent,
513 2032 613 2117 [quod
641 2055 819 2117 numquam
846 2037 970 2118 antea,]
1002 2037 1040 2098 ut
1067 2056 1174 2118 neque
1188 2053 1214 2092 πο

161 2123 225 2187 tibi
242 2143 346 2206 neque
369 2121 490 2206 populo
509 2121 656 2186 Romano
679 2125 792 2206 posset
814 2122 955 2206 probari,
977 2123 1174 2206 praesertim

162 2233 236 2276 oum
263 2231 302 2274 ex
328 2209 432 2273 isdem
457 2210 545 2295 agris
570 2209 712 2274 eiusdem
736 2210 812 2275 anui
834 2209 1035 2275 frumentum
1058 2233 1097 2275 ex
1120 2211 1173 2275 de

162 2298 264 2364 cumis
286 2297 426 2361 Romam
452 2298 616 2381 mancipes
644 2297 869 2362 advexissent?
902 2299 978 2382 quid
1002 2299 1174 2382 acciderat,

161 2391 199 2451 ut
222 2407 260 2450 ex
283 2385 396 2450 eodem
417 2386 535 2451 horreo
559 2387 770 2451 decumanum
792 2387 1000 2471 probaretur,
1025 2391 1173 2472 emptum

161 2473 413 2559 inprobaretur‘?
463 2474 648 2538 Dubiumne
681 2478 745 2558 est,
781 2475 859 2559 quin
891 2475 956 2540 ista
987 2475 1093 2540 omnis
1121 2475 1174 2540 in-
1188 2493 1213 2534 ss

111 2585 160 2633 1⁷3
180 2562 331 2647 probatio
364 2562 526 2646 cogendae
554 2562 708 2647 pecuniae
735 2584 833 2628 causa
858 2567 937 2628 nata
965 2563 1030 2628 sit?
1079 2563 1174 2645 Esto,

161 2651 316 2735 inprobas
348 2648 573 2734 Halaesinum,
608 2650 710 2715 habes
742 2651 783 2716 ab
816 2651 881 2716 alio
913 2651 1048 2737 popule,
1085 2652 1173 2736 quod

161 2740 294 2825 probes,
313 2760 382 2802 eme
396 2738 486 2822 illud,
507 2739 592 2822 quod
608 2738 725 2824 placet,
743 2739 860 2804 missos
878 2739 931 2805 fac
949 2761 1013 2824 eos,
1032 2761 1173 2824 quorum
1273 2804 1276 2808 ,

160 2827 361 2892 frumentum
393 2826 585 2911 inprobasti.
640 2825 703 2890 Sed
734 2827 775 2891 ab
806 2828 860 2911 iis,
898 2849 978 2912 quos
1010 2828 1172 2913 repudias,

163 2915 265 3000 exigis
292 2917 422 2978 tantum
448 2915 616 2999 pecuniae,
647 2919 805 2999 quantum
832 2916 874 2980 ad
901 2938 974 2981 eum
999 2934 1211 2981 numerumn

161 3002 317 3067 frumenti
336 3002 416 3066 satis
436 3003 488 3087 sit,
512 3003 657 3086 quernei
679 3003 805 3068 civitati
827 3004 967 3089 imperas
992 3005 1172 3070 emendum.

161 3090 201 3154 ln
235 3090 397 3155 medimna
429 3091 560 3176 singula
590 3091 683 3156 video
716 3113 754 3155 ex
786 3092 905 3156 litteris
937 3092 1076 3178 publicis
1108 3093 1172 3158 tibi

161 3178 356 3242 Halaesinos
383 3176 439 3242 HS
472 3180 587 3262 quinos
618 3178 715 3244 denos
744 3179 877 3245 dedisse.
927 3179 1104 3246 Ostendam
1132 3204 1171 3247 ex
1296 3221 1297 3226 κ

162 3265 285 3328 tabulis
319 3267 650 3349 locupletissimorum
681 3269 847 3331 aratorum
879 3269 991 3333 eodem
1023 3273 1171 3354 tempore

162 3352 325 3415 neminem
346 3353 381 3415 in
404 3350 513 3417 Sicilia
535 3354 638 3437 pluris
661 3353 859 3419 frumentum
881 3356 1071 3421 vendidisse.
1183 3371 1208 3412 ³⁵

115 770 157 834 74

113 848 163 898 rra

111 3432 153 3494 75
229 3436 317 3510 Quae
354 3442 404 3502 est
439 3461 516 3524 ergo
549 3441 614 3504 ista
644 3440 729 3504 ratio
762 3446 819 3506 aut
851 3465 932 3526 quae
963 3445 1073 3528 potius
1105 3445 1171 3509 ista

164 3522 306 3626 amentia
336 3523 534 3589 frumentum
565 3527 739 3611 inprobare
770 3529 816 3613 id,
849 3531 935 3614 quod
964 3553 1003 3596 ex
1030 3553 1068 3597 eo
1097 3533 1170 3598 loco
