2590 3884
179 212 242 278 102
420 210 459 266 IN
478 211 510 276 Q.
530 209 728 266 CAECILIUM
745 207 948 264 DIVINATIO.

176 378 248 435 meo
276 355 388 422 videor
415 359 448 420 et
474 377 541 422 non
568 355 700 421 omnino
729 377 749 420 a
771 351 978 418 defendendis
1001 351 1179 418 hominibus

142 444 448 529 osublevandisque
476 443 647 510 discedere.
698 441 819 518 Quodsi
846 441 931 508 hanc
958 443 1181 507 causantem

176 533 340 616 idoneam,
371 537 440 598 tam
468 533 644 617 illustrem,
675 535 744 597 tam
772 552 905 618 gravem
931 551 998 596 non
1024 529 1182 612 haberem,

177 621 205 686 si
233 625 290 687 aut
316 621 378 688 hoc
408 644 428 686 a
454 643 506 686 me
530 619 630 687 Siculi
655 642 722 685 non
749 619 909 705 petissent
932 621 989 684 aut
1011 617 1089 683 mihi
1109 637 1182 682 oum

177 707 295 776 Siculis
327 731 424 776 causa
456 713 569 775 tantae
600 707 846 774 necessitudinis
878 728 944 772 non
974 705 1210 771 intercederets

177 802 210 864 et
232 798 304 884 hoc,
327 799 413 883 quod
435 797 529 881 facio,
552 820 604 862 me
626 797 674 863 rei
696 797 845 882 publicae
869 816 967 861 causa
989 794 1093 860 fecere
1111 814 1184 878 pro-

177 886 300 971 fiterer,
322 891 360 952 ut
381 887 481 952 horno
504 885 664 972 singulari
686 885 876 971 cupiditate,
898 883 1046 968 audacia,
1069 883 1185 948 scelere
1275 917 1276 966 3

176 976 357 1060 praeditus,
389 976 480 1042 euius
510 974 600 1040 furta
632 978 730 1059 atque
760 973 888 1060 flagitia
919 994 986 1037 non
1016 973 1051 1036 in
1078 969 1186 1036 Sicilia
1275 971 1276 996 ¹

178 1065 294 1146 solum,
312 1065 367 1130 sed
386 1064 422 1128 in
439 1063 573 1147 Achaia,
591 1061 681 1146 Asia,
698 1060 822 1146 Cilicia,
844 1060 1048 1146 Pamphylia,
1065 1059 1187 1124 Romae
1275 1049 1276 1122 l

178 1152 316 1238 denique
348 1156 425 1218 ante
452 1152 563 1218 oculos
591 1153 736 1216 omnium
761 1150 903 1215 maxima
934 1149 1188 1234 turpissimeque
1202 1171 1227 1210 ro
1275 1127 1276 1208 l

177 1261 356 1322 nossemus,
368 1263 422 1305 me
437 1244 553 1326 agente
567 1240 602 1304 in
615 1239 769 1305 iudicium
783 1240 963 1321 vocaretur,
977 1235 1188 1322 quietandem
1275 1237 1276 1294 i

178 1333 273 1408 osset,
292 1328 348 1413 qui
365 1351 474 1393 meum
491 1327 615 1395 factum
636 1332 694 1393 ant
707 1327 879 1393 consilium
892 1329 1005 1410 posset
1018 1325 1189 1410 reprehen·
1275 1319 1276 1394 ⁷

138 1397 275 1522 {derel
312 1415 396 1492 Quid
415 1419 473 1500 est,
495 1438 555 1502 pro
575 1417 669 1482 deum
687 1415 920 1499 hominumque
937 1414 1050 1480 fidem!
1073 1414 1107 1478 in
1126 1433 1188 1497 quo

177 1524 238 1589 cgo
265 1505 312 1570 rei
340 1505 489 1591 publicae
512 1504 586 1589 plus
609 1504 673 1570 hoc
694 1506 840 1589 tempore
863 1501 1017 1587 prodesse
1045 1501 1189 1587 possim?

178 1593 255 1677 quid
274 1597 334 1677 est,
352 1592 438 1678 quod
461 1596 518 1659 aut
536 1593 658 1678 populo
676 1592 825 1657 Romano
847 1591 973 1677 gratius
988 1610 1059 1656 esse
1076 1590 1190 1655 debeat
1205 1613 1229 1652 is

178 1685 235 1748 aut
263 1682 358 1747 sociis
386 1681 569 1767 exterisque
595 1680 783 1747 nationibus
812 1679 957 1765 optatius
986 1700 1057 1744 esse
1088 1678 1192 1764 possit

177 1774 235 1835 aut
263 1770 362 1836 saluti
385 1769 590 1854 fortunisque
614 1769 758 1835 omnium
781 1768 887 1852 magis
911 1769 1192 1834 accommodatum

178 1859 243 1924 sit?
289 1859 479 1945 Populatae,
501 1862 650 1940 vexatae,
671 1856 818 1922 funditus
842 1877 972 1921 eversae
995 1856 1193 1941 provinciae,

178 1947 257 2014 socii
296 1947 561 2033 stipendiariique
596 1946 710 2031 populi
741 1944 881 2010 Romani
917 1943 1044 2029 afflicti,
1082 1943 1194 2010 miseri

176 2037 243 2101 iam
270 2057 336 2101 nou
364 2035 481 2100 salutis
509 2055 615 2120 spem,
641 2034 698 2099 sed
725 2033 882 2099 solacium
908 2032 998 2097 exitii
1022 2037 1193 2116 quaerunt.
1207 2055 1231 2094 ao

142 2144 159 2193 s
178 2122 239 2200 Qui
267 2123 386 2190 iudicia
413 2144 543 2188 manere
566 2121 653 2208 apud
676 2122 821 2188 ordinem
843 2120 1044 2187 senatorium
1067 2122 1195 2204 volunt,

178 2216 357 2296 queruntur
389 2216 593 2279 accusatores
626 2232 660 2275 se
692 2210 826 2276 idoneos
861 2231 930 2275 non
964 2208 1102 2294 habere3
1139 2209 1195 2294 qui
1274 2263 1275 2266 ,

178 2321 328 2366 accusare
355 2304 507 2386 possunt,
537 2299 730 2364 iudiciorum
757 2298 965 2365 severitatem
997 2297 1195 2364 desiderant
1274 2331 1275 2354 ι

177 2387 322 2471 Populus
345 2388 512 2454 Romanus
537 2388 663 2452 interea
684 2387 818 2454 temetsi
840 2386 953 2452 multis
976 2386 1195 2452 incommodis

178 2476 489 2562 difficultatibusque
519 2477 653 2541 affectus
681 2480 745 2560 est,
776 2481 888 2541 tamen
916 2473 1000 2540 nihil
1028 2495 1132 2559 aeque
1159 2475 1195 2539 in
1210 2498 1234 2538 rs
1274 2475 1275 2548 J

177 2587 212 2630 re
235 2564 367 2650 publica
389 2570 487 2650 atque
509 2566 603 2629 illam
624 2568 768 2630 veterem
788 2564 981 2630 iudiciorum
1000 2562 1067 2628 vim
1087 2563 1196 2650 gravi-
1274 2579 1275 2626 1

178 2657 344 2738 talemque
366 2654 512 2739 requirit.
548 2653 744 2741 iudiciorum
762 2651 921 2718 desiderio
940 2651 1119 2717 tribunicia
1136 2673 1196 2738 po-

178 2746 282 2808 testas
306 2742 489 2828 efflagitata
512 2745 570 2826 cst,
594 2741 786 2807 iudiciorum
810 2741 946 2807 levitate
964 2740 1044 2805 ordo
1064 2761 1195 2826 quoque

179 2832 263 2897 alius
282 2831 323 2896 ad
340 2852 393 2896 res
412 2831 599 2897 iudicandas
613 2830 808 2914 postulatur,
825 2829 968 2895 iudicum
982 2828 1080 2913 culpa
1095 2831 1195 2913 atque

179 2919 332 2986 dedecore
356 2919 455 2984 etiam
474 2919 656 2985 censorium
673 2939 801 3002 nomen,
824 2918 910 3002 quod
929 2916 1076 3003 asperius
1096 2922 1194 2982 antea
1209 2942 1236 2983 so
1274 2927 1275 2964 ³

143 3009 300 3165 ,illul
316 3005 1194 3182 gliscunt,cecidissemus

177 3183 496 3269 nocentissimorum,
526 3184 562 3248 in
588 3183 702 3268 populi
728 3183 869 3248 Romani
896 3181 1061 3248 cotidiana
1088 3182 1193 3266 queri·
1274 3157 1275 3238 i

178 3273 302 3356 monia,
333 3271 525 3338 iudiciorum
552 3271 702 3356 infamia,
732 3272 834 3337 totius
863 3270 985 3336 ordinis
1013 3269 1192 3337 offensione

178 3381 252 3424 cum
282 3359 346 3426 hoc
376 3382 477 3426 unum
507 3360 560 3425 his
591 3363 644 3424 tot
672 3359 885 3426 incommodis
912 3358 1091 3424 remedium
1123 3381 1193 3425 esse
1209 3387 1236 3428 rs

179 3446 371 3531 arbitrarer,
398 3452 435 3512 ut
462 3448 610 3513 homines
636 3447 745 3514 idonei
778 3453 876 3533 etque
907 3447 1029 3535 integri
1061 3469 1195 3514 causam

178 3533 226 3596 rei
253 3533 402 3617 publicae
430 3536 603 3622 legumque
631 3537 844 3623 susciperent,
871 3537 977 3604 fateor
1000 3557 1052 3602 me
1076 3537 1194 3603 salutis
