2622 3884
199 147 267 212 494
502 145 541 201 m
561 145 855 225 emersuros.
874 146 908 202 11.

199 291 341 357 voluisse
364 313 518 376 crescere,
545 290 610 356 isto
633 291 799 374 absoluto,
827 290 913 373 quod
935 290 1004 354 sine
1027 291 1207 356 multorum

201 381 321 446 scelere
334 380 405 444 fieri
417 401 484 444 non
499 382 617 463 potest,
636 379 675 456 de
693 378 806 443 multis
824 377 905 442 mihi
923 399 1065 444 crescere
1083 378 1206 444 licebit.

147 476 190 541 68
267 465 329 532 Sed
342 467 525 532 mehercule
539 470 649 532 vestra
662 467 771 551 reique
785 466 933 551 publicae
950 489 1057 551 causa,
1074 467 1206 551 iudices,

198 556 276 622 nolo
293 555 329 619 in
346 555 408 621 hoc
429 555 553 621 delecto
577 555 712 621 consilio
734 558 864 619 tantum
886 555 1006 640 flagitii
1028 576 1098 620 esse
1121 577 1207 622 com·

199 644 349 725 missum,
375 644 453 709 nolo
480 665 535 709 eos
562 643 696 728 iudices,
724 665 804 727 quos
831 664 891 730 ego
914 643 1082 728 probarim
1106 648 1234 728 atquae

200 732 384 816 delegerim,
407 731 510 797 sicin
532 732 594 798 hac
616 733 696 797 urbe
719 734 850 796 notatos
873 731 938 797 isto
962 732 1114 796 absoluto
1138 754 1206 798 am·

198 820 325 905 bulare,
353 824 479 886 utnon
501 841 588 904 cera,
611 819 667 884 sed
689 825 794 885 caeno
812 819 908 884 obliti
931 841 1001 884 esse
1024 820 1205 886 videantur.

147 922 198 971 1⁷4
217 907 321 983 Quam
344 909 386 973 ob
410 930 478 973 rem
501 912 535 973 te
559 929 700 992 quoque,
727 907 897 991 Hortensi,
920 908 1027 992 siqui
1049 909 1203 974 monendi

198 997 288 1062 locus
321 1019 360 1062 ex
390 996 453 1062 hoc
483 997 555 1062 loco
587 1000 649 1080 est,
681 1017 810 1081 moneo,
841 995 950 1061 videas
978 996 1078 1062 etiam
1105 1001 1205 1081 atque

199 1086 298 1150 etiam
317 1090 351 1150 et
368 1085 560 1168 consideres,
578 1084 656 1168 quid
673 1105 763 1169 agas,
783 1105 847 1169 quo
865 1085 1084 1170 progrediere,
1107 1108 1204 1169 quem
1220 1105 1247 1146 ιο

197 1173 363 1240 hominem
382 1176 415 1238 et
434 1195 498 1257 que
516 1172 643 1238 ratione
664 1171 825 1238 defendas.
861 1171 974 1257 Neque
997 1173 1037 1237 de
1059 1173 1118 1238 illc
1141 1174 1205 1238 tibi

199 1262 371 1345 quicquam
393 1260 563 1346 praefinio,
586 1282 649 1345 quo
671 1260 777 1325 minus
800 1260 931 1346 ingenio
954 1283 1081 1328 mecum
1104 1265 1203 1346 atque

198 1350 288 1414 omni
306 1349 431 1414 dicendi
448 1349 606 1413 facultate
625 1349 814 1432 contendas3
836 1352 944 1414 cetera
967 1349 995 1414 si
1018 1365 1082 1432 qua
1104 1354 1201 1435 putas

197 1441 231 1501 te
259 1437 414 1502 occultius
443 1441 534 1501 extra
561 1436 728 1521 iudicium,
756 1458 838 1520 quae
864 1437 905 1501 ad
927 1437 1082 1502 iudicium
1103 1439 1201 1523 perti-

196 1528 305 1608 neant,
321 1524 427 1592 facere
445 1546 551 1609 posse,
574 1525 603 1590 si
621 1525 698 1608 quid
716 1524 862 1609 artificio,
881 1526 1026 1610 consilio,
1044 1527 1243 1610 potentiale
1291 1564 1295 1570 -

198 1613 314 1698 gratia,
337 1613 438 1698 copiis
456 1613 552 1678 istius
576 1613 685 1678 moliri
707 1613 842 1699 cogitas,
865 1634 985 1699 magno
1009 1612 1106 1698 opere
1130 1637 1200 1680 cen-

198 1723 253 1767 seo
272 1702 410 1766 desistas
429 1705 462 1766 et
479 1701 547 1785 illa,
570 1723 652 1786 quae
670 1705 832 1786 temptate
850 1702 916 1766 iam
935 1706 968 1766 et
986 1705 1102 1786 coepta
1125 1707 1203 1768 sunt

197 1791 239 1855 ab
262 1790 340 1873 istc,
367 1813 387 1855 a
409 1812 460 1855 me
483 1793 593 1856 autem
615 1789 838 1875 pervestigata
860 1793 894 1854 et
916 1791 1061 1875 cognita,
1085 1813 1201 1857 moneo

195 1881 234 1944 ut
261 1879 449 1964 exstinguas
477 1881 511 1943 et
536 1878 666 1963 longius
693 1877 847 1963 progredi
872 1899 914 1943 ne
937 1879 1034 1944 sinas.
1079 1879 1201 1965 Magno

196 1971 253 2031 tuo
276 1967 419 2051 periculo
441 1966 626 2049 peccabitur
648 1967 683 2030 in
705 1965 767 2031 hoc
789 1965 920 2050 iudicio,
945 1967 1080 2051 maiore,
1103 1989 1200 2052 quam
1216 1987 1243 2026 so

147 2065 195 2116 175
213 2058 320 2139 putas.
365 2055 458 2131 Quod
485 2056 571 2119 enim
597 2058 631 2118 te
658 2054 833 2119 liberatum
860 2055 926 2119 iam
949 2055 1200 2120 existimationis

196 2147 299 2228 metu,
323 2143 509 2208 defunctum
530 2142 708 2209 honoribus
732 2142 938 2227 designatum
961 2144 1126 2209 consulem
1150 2166 1201 2209 co

196 2231 294 2316 gites,
321 2231 403 2296 mihi
425 2231 531 2315 crede,
554 2234 745 2296 ornamenta
766 2230 831 2295 ista
854 2233 887 2294 et
908 2231 1064 2296 beneficia
1085 2232 1201 2317 populi

195 2318 335 2384 Romani
357 2340 423 2384 non
445 2319 570 2384 minore
591 2319 723 2404 negotio
746 2319 928 2384 retinentur
951 2342 1048 2403 quarn
1071 2341 1202 2404 compa·

195 2409 317 2471 rantur.
362 2405 453 2471 Tulit
479 2407 713 2491 haeccivitas,
741 2406 847 2490 quoad
869 2408 990 2492 potuit,
1018 2408 1125 2492 quoad
1147 2430 1201 2472 ne
1214 2425 1241 2466 2⁵

195 2515 283 2559 cesse
314 2493 389 2577 fuit,
421 2496 546 2580 regiam
576 2495 675 2561 istam
707 2499 850 2560 vestram
883 2495 1135 2562 dominationem
1164 2497 1202 2561 in

193 2581 320 2647 iudiciis
352 2586 386 2647 et
416 2582 451 2647 in
479 2583 567 2649 omni
594 2595 629 2648 r'e
656 2583 800 2668 publica,
831 2583 922 2668 tulit3
955 2584 1023 2668 sed,
1055 2605 1118 2669 quc
1147 2584 1201 2649 die

193 2672 314 2755 populo
342 2670 490 2736 Romano
523 2671 647 2736 tribuni
677 2671 768 2756 plebi
796 2672 941 2736 restituti
968 2675 1057 2755 sunt,
1090 2672 1200 2738 omnia

193 2759 260 2824 ista
278 2759 380 2842 vobis,
399 2760 428 2823 si
445 2758 531 2824 forte
548 2758 692 2823 nondum
710 2759 910 2844 intellegitis,
929 2759 1082 2843 adempta
1099 2763 1200 2845 atque

194 2851 306 2932 erepta
336 2850 420 2912 sunt.
466 2846 618 2912 Omnium
644 2869 729 2912 nunc
757 2847 842 2912 oculi
869 2848 1006 2914 coniecti
1033 2851 1110 2914 sunt
1136 2849 1241 2914 hoca

192 2935 265 3019 ipso
297 2938 444 3020 tempore
473 2935 507 3001 in
536 2957 636 3002 unum
665 2957 823 3020 quemque
850 2940 1012 3021 nostrum,
1044 2959 1109 3021 qua
1134 2937 1199 3001 fide

193 3045 255 3109 ego
275 3045 430 3106 accusem,
451 3045 516 3107 qua
533 3023 692 3109 religione
709 3023 744 3088 hi
761 3024 911 3109 iudicent,
934 3047 998 3108 qua
1016 3029 1053 3090 tu
1071 3023 1199 3090 ratione

141 3120 191 3172 lte
211 3110 372 3176 defendas.
404 3111 453 3176 De
468 3111 618 3177 omnibus
631 3112 736 3196 nobis,
754 3111 852 3195 siqui
869 3114 1034 3178 tantulum
1052 3114 1091 3178 de
1108 3116 1199 3177 recta

192 3199 325 3284 regione
352 3199 530 3283 deflexerit,
557 3221 624 3264 non
649 3200 708 3264 illa
734 3199 836 3264 tacita
861 3201 1072 3284 existimatio,
1100 3222 1198 3284 quam

193 3290 289 3350 antea
307 3291 513 3352 contemnere
534 3287 700 3371 solebatis,
722 3288 779 3352 sed
802 3288 975 3355 vehemens
999 3312 1036 3355 ac
1058 3289 1198 3354 liberum
1213 3305 1239 3346 ³⁵

140 3379 214 3446 (rue)
233 3373 348 3457 populi
373 3373 514 3438 Romani
542 3374 696 3442 iudicium
726 3381 949 3460 consequetur.
998 3376 1100 3442 Nulla
1127 3376 1199 3460 tibi,

192 3455 324 3542 Quinte,
351 3482 424 3524 cnm
446 3461 512 3526 isto
535 3461 701 3547 cognatio,
725 3463 818 3527 nulla
839 3465 1057 3550 necessitud03
1080 3465 1198 3549 quibus
