2622 3884
390 251 459 306 ιιΒ.
473 252 500 306 V
528 251 877 318 uAP.a-1osao-25.
1071 255 1136 320 437

129 400 262 481 quote
245 400 278 461 et
311 400 433 480 quanta
465 395 544 479 sint,
581 391 694 460 deinde
726 397 805 462 haec
837 398 1007 484 expendite
1039 404 1137 484 atque

129 484 301 549 aestimate
325 484 474 570 pecunia3
501 483 669 568 reperietis
693 485 812 552 idcirco
835 486 947 552 haec
937 511 972 552 m
993 509 1058 557 uno
1081 488 1137 554 ho

129 573 216 638 mine
242 573 417 659 pecunioso
444 575 540 638 toto
523 573 715 657 constituta,
741 577 780 638 ut
807 579 857 640 oet
859 575 922 639 eris
947 575 1136 642 formidines

129 661 285 726 similium
314 661 593 727 incommodorum
621 665 719 745 atque
747 663 895 748 exempla
919 664 1137 766 periculorum

100 754 334 835 sproponeret.
363 749 525 814 Primum
551 748 754 816 insimulatio
782 755 833 816 est
858 753 1029 837 repentina
1054 753 1138 838 capi·

128 838 207 902 talis
241 842 339 922 atque
369 837 523 903 invidiosi
554 837 712 923 criminis3
749 840 898 923 statuite,
930 845 1045 942 quanti
1017 841 1138 907 tihoc

128 926 251 1010 putetis
270 931 303 991 et
321 947 419 1010 quam
437 927 559 990 multos
577 927 765 1012 redemisse,
788 927 902 993 deinde
925 929 1047 994 crimen
1069 929 1137 994 sine

129 1019 329 1099 accusatore,
352 1015 515 1079 sententia
537 1014 613 1096 sine,
629 1015 779 1101 consilio,
803 1015 1019 1083 damnatio
993 1039 1063 1081 sme
1087 1017 1137 1082 de-

128 1103 288 1188 fensione3
320 1103 492 1169 aestimate
518 1103 635 1168 harum
663 1105 808 1170 omnium
834 1126 944 1170 rerum
970 1105 1078 1190 pretia
1106 1108 1138 1170 et

88 1215 115 1255 ιο
129 1193 273 1278 cogitate
286 1192 322 1256 in
334 1193 387 1257 his
401 1191 630 1276 iniquitatibus
644 1214 744 1257 unum
762 1193 906 1258 haesisse
916 1193 1138 1279 Apollonium,

129 1285 254 1347 eeteros
285 1280 433 1367 profecto
466 1280 588 1345 multos
615 1302 654 1345 ex
681 1281 733 1346 his
760 1281 974 1347 incommodis
1001 1282 1139 1367 pecunia

130 1391 165 1434 se
193 1369 364 1453 liberasse;
396 1372 561 1453 postremo
587 1370 756 1454 tenebrae,
786 1370 906 1454 vinela,
938 1391 1060 1454 carcer,
1091 1371 1138 1434 in·

129 1457 256 1523 clusum
288 1457 483 1542 supplicium
515 1460 613 1540 atque
641 1480 661 1522 a
688 1464 862 1541 conspectu
888 1459 1073 1544 parentium
1101 1480 1138 1523 ac

128 1547 281 1630 liberum,
311 1545 447 1630 denique
476 1569 495 1611 a
522 1545 626 1611 libero
656 1547 773 1631 spiritu
802 1551 899 1631 atque
927 1569 947 1612 a
975 1547 1138 1613 communi
1225 1551 1229 1559 '

86 1655 114 1698 rs
129 1635 200 1700 luce
224 1636 398 1719 seclusum3
423 1634 505 1699 haec
527 1655 618 1718 vero,
641 1656 724 1718 quae
746 1635 799 1699 vel
821 1635 890 1700 rita
912 1635 1029 1700 redimi
1051 1638 1138 1700 recte

128 1727 281 1808 possunt,
313 1723 486 1788 aestimare
516 1721 653 1807 pecunia
680 1744 747 1787 non
774 1744 866 1806 queo.
912 1723 1001 1788 Haeo
1029 1723 1138 1787 omnia
1157 1737 1191 1787 ιι
1302 1735 1303 1738 ’

130 1832 203 1876 sero
222 1811 358 1876 redemit
373 1810 569 1895 Apollonius
586 1811 653 1875 iam
676 1833 822 1876 maerore
846 1833 884 1876 ac
906 1811 1046 1875 miseriis
1069 1832 1139 1894 per·

130 1899 231 1983 ditus,
260 1900 317 1964 sed
342 1904 455 1964 tamen
482 1902 534 1964 cet
535 1920 607 1963 eros
630 1899 740 1964 docuit
764 1902 839 1964 ante
861 1899 957 1963 istius
981 1899 1138 1964 avaritiae

131 1988 306 2090 scelerique
339 2007 520 2071 occurrere3
551 1986 616 2052 nisi
646 2008 723 2052 vero
752 1987 946 2052 existimatis
973 1987 1138 2052 hominem

87 2097 116 2138 ao
129 2076 432 2177 pecuniosissimum
450 2075 521 2140 sine
543 2097 641 2140 causa
664 2079 817 2160 quaestus
842 2076 981 2142 electum
1005 2075 1046 2140 ad
1069 2079 1138 2140 tam

129 2164 317 2229 incredibile
349 2165 471 2230 crimen
504 2167 561 2229 aut
592 2164 661 2232 sine
695 2165 806 2229 eadem
836 2186 934 2230 causa
960 2166 1138 2266 repentae

130 2275 256 2318 carcere
276 2253 439 2336 emissum,
463 2256 521 2317 aut
540 2251 603 2316 hoc
625 2252 803 2336 praedandi
825 2274 927 2339 genus
951 2253 992 2318 ab
1016 2251 1114 2317 isto
1104 2274 1140 2316 m

128 2341 189 2406 illo
217 2362 281 2406 uno
309 2340 492 2405 adhibitum
521 2363 559 2405 ac
581 2344 792 2426 temptatum,
820 2345 853 2406 et
875 2363 941 2408 non
964 2341 1138 2426 perillum

130 2429 281 2494 omnibus
321 2428 504 2512 pecuniosis
541 2427 657 2494 Siculis
699 2433 821 2494 metum
863 2430 1068 2517 propositum
1106 2433 1139 2494 et

87 2536 116 2578 aa
130 2517 294 2582 iniectum.

198 2603 308 2707 Cupio
329 2604 410 2669 mihi
437 2604 513 2669 ab
503 2626 590 2690 1pso,
616 2601 751 2688 iudices,
780 2606 895 2690 subici,
923 2607 1076 2690 quoniam
1100 2569 1192 2695 deig

130 2693 216 2759 milit
202 2693 267 2759 tari
282 2693 349 2758 eius
369 2693 476 2779 gloria
495 2692 620 2776 dico,
594 2714 623 2757 si
642 2694 719 2778 quid
736 2693 823 2759 forte
841 2698 1019 2780 praetereo.
1051 2693 1137 2759 Nam

130 2782 212 2846 mihi
230 2781 368 2848 videor
358 2803 426 2847 iam
444 2782 483 2847 de
502 2781 652 2846 omnibus
671 2784 768 2848 rebus
791 2782 859 2847 eius
884 2783 987 2867 gestis
1011 2780 1139 2865 dixisse,

131 2893 213 2954 quae
247 2869 376 2954 quidem
406 2869 447 2934 ad
474 2869 555 2934 belli
581 2869 677 2956 fugit
669 2893 796 2936 morum
824 2869 1039 2954 suspicionem
1066 2891 1138 2952 per-

88 2979 117 3019 ao
130 2959 285 3042 tinerent3
314 2961 401 3023 certe
428 2957 511 3022 nihil
535 2957 638 3024 sciens
661 2957 875 3043 praetermisi.
902 2956 1059 3022 *Habetis
1082 2956 1138 3022 ho·

130 3047 229 3112 minis
261 3046 411 3130 consilia,
448 3045 665 3132 diligentiam,
702 3046 923 3131 vigilantiam,
958 3044 1138 3110 custodiam

130 3134 413 3218 defensionemque
434 3134 629 3221 provinciae.
666 3132 800 3199 Summa
821 3134 900 3199 illuc
923 3133 1078 3218 pertinet,
1101 3137 1138 3198 ut

130 3223 254 3307 sciatis,
282 3222 435 3308 quoniam
462 3223 558 3307 plura
584 3244 704 3309 genera
726 3223 803 3287 sunt
824 3222 1072 3308 imperatorum,
1100 3243 1138 3286 ex

130 3333 194 3397 quo
223 3332 339 3397 genere
367 3311 431 3376 iste
458 3311 516 3396 sit,
541 3333 583 3377 ne
606 3310 662 3396 qui
685 3310 806 3376 diutius
828 3310 864 3375 in
886 3314 980 3375 tanta
1002 3310 1138 3396 penuria

88 3417 115 3459 as
130 3400 275 3465 virorum
301 3399 438 3465 fortium
465 3398 565 3464 talem
593 3401 825 3484 imperatorem
848 3399 1001 3486 ignorare
1023 3399 1138 3482 possit.

128 3487 205 3554 Non
233 3488 274 3553 ad
297 3486 333 3563 Q.
351 3487 487 3553 Maximi
514 3488 709 3572 sapientiam
735 3508 840 3571 neque
868 3487 909 3554 ad
931 3487 1021 3552 illius
1045 3509 1138 3573 supe·

128 3574 226 3642 rionis
250 3575 397 3641 Africani
428 3576 464 3641 in
495 3597 530 3640 re
560 3577 705 3658 gerunda
736 3575 936 3642 celeritatem
963 3597 1068 3662 neque
1096 3577 1137 3642 ad
