2504 3876
300 172 424 241 ΜΒΝ
466 172 544 228 οΑΡ.
566 181 589 242 1,
609 179 625 228 a
645 179 660 240 s
680 179 756 229 1-5.
976 171 1042 236 429

30 319 120 386 Novi
148 319 268 402 locum3
296 317 403 402 video,
431 317 488 382 ubi
511 339 545 382 se
566 317 747 383 iactaturus
771 317 815 382 sit
837 316 1042 382 Hortensius.

29 407 120 473 Belli
156 408 315 492 pericula,
349 411 499 491 tempora
529 406 577 471 rei
608 407 771 491 publicae,
806 405 1042 491 imperatorum

31 496 203 582 penuriam
231 495 512 578 commemorabit3
542 498 612 559 tum
640 493 865 578 deprecabitur
893 517 912 559 a
939 494 1043 578 vobis,

31 590 105 651 tum
125 585 224 649 etiam
242 605 302 669 pro
322 605 381 648 suo
399 583 469 648 iure
489 583 669 666 contendet,
691 605 732 646 ne
750 583 924 667 patiamini
941 583 1043 648 talem

8 675 265 759 simperatorem
296 671 419 756 populo
450 671 600 736 Romano
633 668 814 737 Siculorum
846 671 1043 736 testimoniis

33 762 127 847 eripi,
149 783 190 826 na
209 759 315 826 obteri
337 760 467 825 laudem
490 759 736 845 imperatoriam
759 759 946 824 criminibus
970 782 1043 824 ava·

33 851 132 915 ritiae
151 849 270 915 velitis.
301 847 377 913 Non
395 870 530 933 possum
549 847 763 931 dissimulare,
781 847 915 932 iudices,
934 847 1078 931 timeae

32 961 74 1004 ne
99 937 134 1003 O.
152 937 271 1003 Verres
303 941 438 1021 propter
468 937 553 1002 hanc
585 936 737 1001 eximiam
764 936 921 1000 virtutem
947 935 983 1000 in
1009 957 1044 999 re

34 1027 174 1092 militari
192 1025 309 1110 omnia,
328 1047 410 1108 quae
428 1025 514 1107 fecit,
536 1025 669 1108 impune
686 1023 808 1089 fecerit.
840 1022 941 1088 Venit
959 1023 1045 1088 enim

8 1116 118 1179 omihi
145 1115 181 1179 in
203 1118 360 1198 mentem,
386 1114 422 1177 in
442 1113 561 1178 iudicio
584 1112 636 1177 M'.
655 1111 769 1196 Aquili
791 1115 950 1196 quantum
974 1132 1045 1177 auo·

35 1203 193 1287 toritatis,
216 1205 374 1287 quantum
392 1201 549 1267 momenti
568 1201 674 1266 oratio
693 1202 735 1266 M.
746 1200 871 1266 Antoni
891 1199 1045 1264 habuisse

35 1292 225 1356 existimata
256 1291 313 1374 sit3
347 1281 416 1374 qui',
447 1293 484 1354 ut
517 1293 587 1354 erat
618 1290 652 1354 in
685 1288 818 1354 dicendo
845 1310 912 1353 non
938 1288 1045 1353 solum

35 1381 181 1465 sapiens,
209 1377 265 1443 sed
293 1379 391 1444 etiam
418 1377 528 1462 fortis,
555 1399 654 1444 causa
676 1399 778 1462 prope
800 1380 954 1462 perorata
975 1377 1046 1462 ipse

36 1468 177 1553 arripuit
216 1466 269 1532 M’.
308 1467 479 1551 Aquilium
521 1466 756 1550 constituitque
796 1465 832 1531 in
872 1469 1047 1549 conspeetu

10 1557 184 1622 somnium
207 1555 414 1639 tunicamque
438 1555 507 1620 eius
531 1578 550 1620 a
572 1559 703 1640 pectore
728 1553 879 1638 abscidit,
906 1557 944 1618 ut
967 1553 1046 1619 cica-

36 1646 135 1710 trices
153 1644 294 1729 populus
314 1643 480 1708 Romanus
499 1643 682 1728 iudicesque
706 1643 887 1727 aspicerent
910 1642 1046 1708 adverso
1093 1670 1095 1673 ’

37 1753 174 1818 corpore
198 1735 361 1816 exceptas,
389 1732 487 1796 simul
510 1735 543 1796 et
567 1732 605 1796 de
627 1731 686 1796 illo
709 1731 855 1815 vulnere,
881 1730 969 1814 quod
989 1731 1047 1795 ille

37 1823 73 1887 in
110 1821 216 1906 capite
249 1821 290 1885 ab
323 1821 467 1885 hostium
500 1820 578 1885 duce
610 1823 791 1904 acceperat,
827 1819 933 1883 multa
966 1818 1047 1882 dixit

39 1932 141 1994 eoque
170 1908 303 1973 adduxit
331 1930 400 1992 eos,
427 1908 484 1992 qui
511 1911 603 1973 erant
628 1907 813 1991 iudicaturi,
839 1907 1047 1971 vehementer

8 2002 78 2063 aut
104 2000 306 2081 vererentur,
336 2012 390 2079 ne,
420 2018 516 2080 quem
543 1995 649 2061 virum
674 1994 807 2060 fortuna
836 2016 874 2059 ex
901 1995 1047 2060 hostium

39 2087 116 2151 telis
149 2085 335 2170 eripuisset,
366 2106 440 2150 cum
472 2084 536 2149 sibi
564 2085 634 2169 ipse
658 2105 725 2149 non
751 2083 962 2168 pepercisset,
994 2083 1048 2148 hic

39 2197 106 2240 non
134 2173 175 2239 ad
201 2173 316 2258 populi
338 2173 479 2238 Romani
500 2173 643 2256 laudem,
671 2171 727 2236 sed
751 2171 791 2236 ad
814 2171 956 2237 iudicum
979 2193 1048 2236 cru·

41 2262 210 2328 delitatcm
240 2262 405 2325 videretur
437 2282 507 2326 esse
535 2265 690 2326 servatus.
740 2259 865 2325 Eadem
891 2282 977 2325 nunc
1005 2261 1082 2325 abl

41 2352 107 2416 illis
131 2349 325 2414 defensionis
349 2349 434 2414 ratio
457 2348 572 2432 viaque
595 2352 788 2433 temptatur,
811 2349 897 2413 idem
921 2349 1047 2433 quaeri-

8 2460 28 2499 rs
41 2444 105 2504 tur.
146 2435 196 2502 Sit
222 2436 289 2520 fur,
317 2437 361 2501 sit
389 2437 580 2522 sacrilegus,
608 2437 651 2501 sit
677 2437 878 2523 flagitiorum
902 2438 1047 2502 omnium

43 2527 258 2608 vitiorumque
276 2525 439 2610 princepsa
463 2528 497 2589 et
516 2529 566 2589 est
583 2525 687 2590 bonus
706 2526 893 2611 imperator,
917 2529 952 2591 at
969 2525 1048 2590 felix

44 2620 77 2680 et
104 2614 145 2679 ad
172 2613 271 2678 dubia
294 2613 511 2698 reipublicae
535 2617 683 2696 tempora
705 2614 927 2680 reservandus.
972 2613 1088 2681 Non2

45 2725 141 2790 agam
160 2723 286 2766 summo
305 2702 374 2766 iure
392 2705 508 2786 tecum,
531 2723 598 2766 non
616 2702 721 2767 dicam
739 2703 781 2787 id,
803 2703 890 2787 quod
913 2702 1048 2766 debeam

44 2791 182 2856 forsitan
209 2790 369 2872 obtinere,
399 2812 472 2856 cum
498 2790 652 2855 iudicium
680 2794 768 2855 certa
794 2791 868 2876 lege
896 2790 953 2872 sit,
983 2811 1049 2854 non

8 2901 32 2941 ro
46 2879 121 2964 quid
134 2879 170 2943 in
182 2900 217 2943 re
231 2877 369 2943 militari
380 2878 511 2943 fortiter
524 2878 648 2962 feceris,
668 2877 724 2942 sed
743 2900 839 2962 quem
858 2877 899 2942 ad
917 2877 1048 2942 modum

46 2989 158 3032 manus
187 2966 228 3030 ab
257 2966 370 3032 alienis
397 2967 542 3051 pecuniis
566 2966 777 3050 abstinueris,
804 2966 919 3030 abste
943 2964 1049 3030 doceri

46 3060 206 3141 oportere,
237 3076 317 3138 non,
344 3055 490 3139 inquam,
517 3055 563 3121 sic
591 3076 701 3141 agam,
729 3053 786 3118 sed
812 3053 860 3117 ita
888 3075 1050 3138 quaeram,

46 3167 140 3229 quem
168 3143 209 3208 ad
237 3143 368 3208 modum
395 3147 428 3208 te
455 3144 540 3208 velle
567 3143 737 3228 intellego,
766 3162 847 3226 quae
873 3145 931 3206 tua
954 3163 1051 3225 opera

48 3237 80 3297 et
101 3231 223 3316 quanta
245 3231 345 3296 fuerit
366 3231 402 3295 in
424 3232 521 3296 belle.

8 3338 34 3380 ss
112 3319 194 3396 Quid
218 3319 319 3384 dicis?
349 3341 392 3384 an
413 3320 500 3385 bello
524 3319 737 3405 fugitivorum
761 3316 906 3383 Siciliam
928 3319 1085 3383 virtutes

48 3412 103 3473 tue
132 3408 326 3473 liberatem?
371 3408 492 3494 Magna
518 3409 589 3472 laus
617 3411 650 3472 et
677 3407 815 3471 honesta
843 3406 962 3492 orati03
996 3407 1052 3472 sed

48 3501 155 3561 tamen
174 3517 238 3580 quo
256 3497 366 3562 bello?
403 3495 473 3562 Nos
497 3496 582 3561 enim
604 3499 681 3581 post
703 3494 785 3560 illud
808 3496 941 3574 bellum,
965 3496 1050 3582 quod
