2576 3882
361 173 429 228 ιιΒ
449 174 488 228 ιιι
520 173 596 230 car.
615 180 704 229 a-ro
723 181 738 242 ι
756 182 868 232 ιι-ιι.
1055 176 1121 242 279

112 341 185 384 cum
214 317 393 382 accubante
419 321 625 403 praetextato
652 319 814 404 praetoris
842 320 910 386 filio
939 321 1097 386 saltare
1087 344 1122 386 ιιι

112 405 262 473 convivio
293 406 398 470 nudus
431 410 589 492 coeperat.
634 405 743 492 Hunc,
775 409 824 473 uti
855 408 958 474 dicere
985 383 1176 508 instit‘t,u1,lO

112 494 293 580 principem
311 493 430 560 Verres
459 496 499 560 ad
526 495 675 560 fortunas
700 499 867 561 aratorum
891 498 1053 563 vexandas
1077 458 1176 564 di324

112 583 341 667 ripiendasque
374 605 444 648 esse
476 583 593 668 voluit,
624 583 720 648 huius
751 585 917 669 audaciae,
949 586 1123 671 nequitiae,

84 671 299 738 terudelitati
317 671 524 736 fidelissimos
543 672 648 738 socios
667 672 873 758 optimosque
896 673 982 739 cives
1005 675 1122 741 scitote

112 760 176 825 hoo
201 763 354 846 praetore
381 760 534 842 traditos,
561 760 694 844 iudices,
724 764 822 845 atque
850 762 996 827 addictos
1020 763 1122 828 fuisse

111 847 207 914 novis
230 847 390 914 institutis
415 851 448 912 et
471 847 599 933 edictis,
623 852 696 914 tota
718 849 893 914 Hieronica
916 850 1002 936 lege,
1026 874 1122 935 quem

113 937 155 1001 ad
178 936 309 1001 modum
333 939 430 1001 antea
453 936 532 1020 dixi,
554 937 675 1002 reiecta
698 942 731 1001 et
753 938 951 1023 repudiata..

178 1023 326 1090 Primum
338 1025 478 1090 edictum
493 1025 610 1109 audite,
623 1025 753 1110 iudices,
766 1027 983 1110 praeclarum:
999 1026 1122 1103 Quen·
1140 1039 1175 1090 26

71 1116 194 1178 utum
222 1113 453 1179 decumanus
482 1113 669 1179 edidisset
695 1118 890 1180 aratorem
914 1115 990 1179 sibi
1013 1115 1121 1181 decu·

113 1222 195 1266 mae
210 1201 300 1266 dare
318 1205 515 1286 oportere,
533 1206 575 1267 ut
593 1206 744 1267 tantum
763 1207 896 1269 arator
915 1203 1121 1269 decumano

113 1290 204 1354 dare
237 1293 452 1375 cogeretur
500 1288 569 1366 Quo
603 1291 795 1356 modot-
830 1290 994 1367 Quantum
1023 1314 1122 1377 popo·

40 1431 41 1436 1
113 1377 211 1443 scerit
234 1377 413 1463 Apronius,
436 1378 584 1444 dato.-
611 1378 712 1481 Quid
718 1384 768 1444 est
790 1379 875 1445 hoc?
898 1384 1008 1445 utrum
1018 1403 1122 1484 ,prae

110 1466 194 1530 toris
222 1465 448 1530 institutum
439 1489 473 1531 ιιι
501 1466 606 1532 socios
634 1490 676 1532 an
702 1466 738 1532 in
759 1467 919 1533 hostis
889 1472 954 1533 ιιοι
956 1490 991 1535 os
1015 1469 1123 1534 insani

70 1571 97 1612 ιι
112 1554 253 1620 edictum
268 1555 551 1638 atque1mperium
566 1556 778 1639 tyrannit-
799 1556 873 1643 Ego
891 1560 1021 1622 tantum
1040 1558 1123 1643 dem,

10 1723 12 1728 Ι
113 1646 272 1726 quantum
297 1642 355 1708 ille
377 1643 585 1728 poposcerit?
616 1646 731 1729 poscet
754 1666 861 1728 omne,
890 1648 1049 1727 quantum
1072 1667 1123 1710 cx·

113 1752 325 1797 aravero-
356 1730 439 1808 Quid
473 1732 589 1798 omne?
624 1731 741 1816 plus
731 1754 832 1797 immo
863 1733 976 1817 etiam,
1007 1734 1123 1819 inquit,

112 1819 142 1885 si
168 1819 334 1884 volet—
365 1819 449 1895 Quid
475 1820 568 1885 tum?
601 1820 678 1904 quid
706 1821 907 1885 censest-
938 1820 1007 1886 Aut
1030 1821 1122 1886 dabis

112 1911 171 1974 aut
203 1910 279 1972 cont
280 1930 318 1973 ra
345 1907 429 1974 edict
415 1912 485 1974 tum
511 1907 627 1973 fecisse
655 1909 928 1974 ᾶιιιιιιιιιοιθμ-
955 1908 1018 1973 Per
1046 1909 1122 1974 deos

67 2017 97 2056 ac
111 1997 329 2081 immortales,
357 1996 435 2080 quid
457 2000 508 2062 est
529 1997 614 2061 hoc?
644 1996 713 2062 veri
735 1995 822 2062 enim
845 1996 952 2084 simile
974 2019 1040 2062 non
1063 2001 1122 2063 cst.

113 2083 166 2150 sic
193 2085 274 2149 mihi
296 2086 488 2170 persuadeo,
514 2085 649 2170 iudices,
676 2084 809 2150 tametsi
833 2084 942 2150 omnia
963 2085 999 2149 in
1021 2086 1121 2150 istum
1140 2091 1175 2141 2⁰

111 2172 278 2238 hominem
306 2173 477 2238 convenire
504 2174 682 2258 putetis,t
684 2196 777 2238 amen
799 2172 862 2238 hoo
884 2173 977 2238 vobis
1000 2173 1122 2239 falsum

111 2260 224 2326 videri.
260 2260 333 2347 Ego
353 2261 448 2346 enim,
468 2284 540 2327 cum
559 2262 674 2327 hocto
675 2259 840 2326 taSicilia
858 2261 988 2347 diceret,
1010 2266 1121 2328 tamen

112 2349 285 2414 adfirmare
308 2371 375 2414 non
398 2349 563 2434 auderem,
587 2349 615 2414 si
637 2350 717 2415 haec
740 2349 845 2415 edicta
867 2371 933 2414 nou
957 2372 995 2415 ex
1018 2350 1121 2436 ipsius

66 2455 96 2498 as
111 2437 236 2502 tabulis
259 2437 396 2503 totidem
418 2437 526 2503 verbis
549 2438 686 2504 recitare
707 2460 851 2523 possem,
875 2438 971 2503 sicuti
992 2437 1121 2505 faciam.

110 2525 178 2609 Da,
201 2547 336 2610 quaeso,
358 2525 496 2608 scribae,
519 2525 633 2592 recitet
656 2548 695 2590 ex
717 2526 826 2591 codice
850 2527 1121 2610 [professionem]

110 2613 235 2678 Recita.
280 2613 445 2679 EDICTUM
471 2632 519 2678 nu
546 2631 794 2682 PROFESSIONE.
838 2613 949 2700 Negat
970 2638 1023 2681 me
1041 2616 1116 2681 reci-

109 2707 183 2767 tare
215 2705 337 2786 totum,
367 2725 444 2767 nam
476 2702 511 2766 id
538 2702 720 2788 significare
747 2707 829 2768 nutu
855 2704 991 2768 videtur.
1037 2703 1121 2779 Quid

111 2791 305 2875 praetereo?
325 2813 367 2855 an
379 2790 471 2875 illud,
489 2790 546 2855 ubi
559 2813 654 2856 caves
671 2795 782 2856 tamen
797 2789 913 2856 Siculis
933 2794 966 2856 ct
984 2792 1120 2857 miseros

64 2898 94 2940 ao
110 2878 247 2963 respicis
275 2879 443 2944 aratores?
484 2877 574 2944 Dicis
603 2879 689 2944 enim
715 2883 749 2945 te
776 2879 811 2944 in
838 2880 1061 2962 decumanum,
1092 2878 1121 2944 si

109 2967 188 3051 plus
212 2967 398 3051 abstulerit,
424 2989 522 3051 quam
545 2967 691 3032 debitum
715 2967 828 3051 sit,·in
851 2966 1018 3051 octuplum
1040 2966 1120 3031 iudi-

109 3055 198 3120 cium
218 3055 379 3121 daturum.
419 3053 511 3120 Nihil
530 3055 611 3120 mihi
633 3057 741 3141 placet
763 3054 995 3140 praetermitti3
1019 3055 1121 3120 recita

106 3143 173 3209 hoc
200 3165 342 3228 quoque,
370 3144 455 3228 quod
481 3145 643 3229 postulat,
670 3147 776 3208 totum
799 3142 909 3207 recita.
954 3142 1120 3210 EDICTUM

107 3249 159 3297 nn
173 3249 305 3298 mulcro
319 3250 357 3298 nc
371 3249 565 3299 ocuueuun.
592 3231 714 3297 Iudicio
728 3235 766 3296 ut
781 3234 891 3296 arator
908 3231 1120 3298 decumanum

61 3339 92 3380 cs
106 3320 347 3406 persequatur?
387 3319 544 3384 Miserum
563 3324 660 3405 atque
682 3319 843 3403 iniquum!
883 3318 935 3384 Ex
958 3341 1039 3406 agro
1061 3321 1120 3386 ho-

106 3407 214 3473 mines
242 3408 384 3474 traducis
410 3408 444 3473 in
467 3409 587 3493 forum,
615 3410 656 3473 ab
681 3411 790 3472 aratro
814 3406 856 3472 ad
878 3408 1049 3493 subsellia,
1077 3410 1118 3476 ab

105 3518 173 3562 usu
195 3496 389 3562 rusticarum
412 3519 521 3562 rerum
544 3496 586 3562 ad
607 3496 776 3561 insolitam
798 3496 892 3562 litem
916 3501 1014 3582 atque
1036 3498 1120 3564 iudi-
