2622 3884
186 227 250 291 328
503 224 543 278 ΙΝ
563 223 760 279 evaunen
778 223 858 278 Aer.
877 225 911 278 IL

186 371 402 452 decretorum,
434 368 626 434 iudiciorum
657 369 830 453 iniquitate
863 367 918 453 qui
946 367 1010 433 hoc
1036 391 1104 434 non
1130 369 1198 433 iam

186 459 305 524 dudum
326 457 479 522 statuerit
500 479 537 522 ac
559 457 733 523 iudicarit?
773 456 884 521 Etiam
909 477 986 520 rane
1009 456 1055 521 sit
1077 457 1199 541 aliquis

186 547 374 612 dissolutior
401 546 435 609 in
462 545 646 629 iudicando,
673 547 798 632 legum,
824 544 936 629 officii,
964 544 1012 609 rei
1036 545 1199 630 publicae,

186 635 348 701 sociorum
367 637 465 718 atque
487 635 662 699 amicorum
685 633 926 719 neglegentior3
949 632 1047 717 quid?
1070 633 1100 698 is
1123 655 1199 718 pos-

186 725 271 789 sitne
292 722 331 787 de
353 722 449 787 istius
472 722 684 807 improbitate
708 722 869 806 dubitare,
892 743 966 786 cum
988 724 1082 786 tanta
1105 721 1227 787 lucras

184 813 282 896 facta,
305 815 375 876 tam
392 811 520 895 iniquas
539 810 706 895 pactiones
726 810 760 875 vi
783 813 817 874 et
839 813 929 874 metu
952 831 1121 894 expressas
1146 832 1198 874 co-

186 899 345 988 gnoverit,
363 922 436 964 cum
450 902 544 963 tanta
559 899 703 984 praemia
717 898 865 963 civitates
880 898 913 962 vi
932 901 1030 982 atque
1047 899 1198 983 imperio,

185 990 352 1075 virgarum
383 1009 421 1052 ac
448 987 564 1052 mortis
592 991 681 1051 metu
707 1008 774 1051 non
802 986 897 1051 modo
921 985 1069 1070 Apronio
1097 989 1199 1070 atque

186 1079 254 1142 eius
267 1075 437 1160 similibus,
449 1097 560 1140 rerum
573 1074 826 1140 etiamVeneriis
839 1074 940 1139 serris
954 1074 1030 1139 dare
1042 1075 1198 1139 coactas?

134 1177 186 1227 144
204 1164 327 1242 Quodsi
341 1165 413 1248 quis
428 1164 590 1228 sociorum
603 1163 816 1228 incommodis
837 1163 944 1226 minus
964 1166 1198 1245 commovetur,
1215 1177 1241 1215 1⁰

186 1255 215 1318 si
234 1275 328 1337 quem
348 1255 514 1316 aratorum
533 1251 639 1337 fugae,
658 1251 871 1334 calamitates,
892 1251 998 1334 exilia,
1021 1250 1199 1335 suspendia

186 1342 322 1425 denique
348 1361 416 1403 non
442 1343 646 1425 permovent,
673 1361 740 1404 non
766 1360 900 1424 possum
926 1339 1088 1422 dubitare,
1117 1339 1199 1423 quin

184 1430 213 1494 is
241 1432 364 1512 tamen,
394 1449 466 1492 oum
493 1430 658 1492 vastatam
686 1425 843 1512 Siciliam,
870 1427 1002 1492 relictos
1030 1448 1129 1513 agros
1158 1449 1199 1490 ex

185 1517 354 1582 civitatum
372 1515 492 1580 litteris
512 1519 545 1580 et
569 1537 607 1580 ex
630 1516 771 1601 epistula
793 1515 828 1580 L.
847 1515 974 1580 Metelli
996 1515 1198 1600 cognoverit,

186 1608 311 1670 statuat
342 1604 414 1668 fieri
440 1625 506 1669 non
533 1625 641 1689 posse,
672 1609 710 1669 ut
738 1605 777 1668 de
804 1604 868 1669 isto
896 1623 963 1668 non
990 1602 1243 1668 severissime1⁵

184 1693 350 1758 iudicetur.
395 1691 470 1758 Erit
498 1693 615 1776 aliquis
644 1693 756 1777 etiam,
785 1693 838 1776 qui
867 1692 948 1757 haec
971 1691 1080 1756 omnia
1103 1691 1199 1756 dissi-

184 1783 309 1847 mulare
342 1803 380 1845 ac
409 1782 585 1867 neglegere
616 1781 734 1866 possit,
769 1779 867 1845 attuli
899 1779 1089 1864 sponsiones
1121 1779 1198 1864 ipso

184 1873 354 1955 praesente
372 1868 477 1934 factas
497 1869 536 1933 de
555 1869 761 1934 decumarum
784 1869 939 1933 societate
963 1868 1005 1931 ab
1027 1868 1098 1952 ipso
1122 1889 1198 1952 pro·

184 1959 307 2024 hibitas
325 1957 475 2041 iudicari;
496 1957 573 2041 quid
592 1961 650 2042 est,
674 1957 760 2041 quod
771 1956 884 2041 ¹possit
903 1955 1075 2040 quisquam
1093 1956 1198 2020 mani-

183 2046 300 2111 festius
319 2046 381 2110 hoc
404 2045 608 2111 desiderare?
648 2044 724 2110 Non
746 2045 870 2128 dubito,
894 2045 973 2129 quin
995 2043 1088 2108 vobis
1112 2044 1244 2108 satisne

184 2134 325 2216 fecerim,
344 2133 479 2218 iudices3
501 2155 614 2198 verum
633 2136 744 2198 tamen
760 2131 952 2218 progrediar
969 2132 1110 2218 longius,
1126 2153 1197 2197 non

185 2222 345 2286 mehercle
378 2243 442 2304 quo
474 2221 568 2287 vobis
594 2221 699 2307 magis
726 2222 789 2287 hoc
815 2220 1062 2305 persuadeatur,
1095 2241 1196 2304 quam

183 2310 250 2374 iam
305 2331 472 2373 ersuasum
503 2331 574 2374 esse
605 2308 744 2394 confido,
776 2310 833 2373 sed
863 2313 901 2374 ut
929 2308 987 2372 ille
1017 2309 1195 2392 aliquando

183 2333 403 2482 impudentiae
433 2419 510 2462 suae
537 2398 634 2462 finem
660 2397 774 2480 faciat,
803 2396 976 2481 aliquando
1005 2396 1132 2460 desinat
1156 2419 1196 2462 ea

185 2507 219 2550 se
241 2485 408 2569 postulare
432 2507 547 2570 emere,
570 2507 652 2570 quae
674 2485 744 2568 ipse
768 2507 895 2569 semper
916 2485 1033 2549 habuit
1055 2485 1195 2570 venalia,
1211 2503 1242 2544 25

183 2573 294 2657 fidem,
321 2572 372 2637 ius
395 2573 580 2657 iurandum,
603 2574 787 2657 veritatem,
811 2573 966 2657 officium,
989 2573 1195 2658 religionem,

185 2662 334 2726 desinant
372 2661 468 2726 amici
501 2662 569 2726 eius
604 2684 643 2726 ea
674 2662 836 2745 dict'tare,
874 2683 956 2746 quae
988 2661 1195 2746 detrimento,

184 2749 340 2832 maculae,
357 2749 508 2834 invidiae,
524 2749 678 2814 infamiae
690 2749 952 2815 nobisomnibus
967 2770 1037 2813 esse
1054 2749 1195 2833 possint.

131 2841 182 2891 145
203 2839 248 2903 At
267 2838 322 2922 qui
341 2837 449 2903 amici!
490 2841 514 2902 Ο
534 2838 696 2922 miserum,
719 2838 952 2903 oinvidiosum
971 2837 1196 2922 offensumque

183 2948 359 3012 paucorum
375 2927 471 3011 culpa
484 2929 582 3010 atque
599 2926 795 3012 indignitate
814 2926 958 2991 ordinem
978 2926 1195 2991 senatorium!
1210 2945 1242 2986 so

183 3015 305 3080 Albam
324 3013 501 3080 Aemilium
529 3014 693 3080 sedentem
720 3015 755 3080 in
778 3014 927 3080 faucibus
949 3014 1079 3078 macelli
1101 3015 1196 3099 loqui

183 3104 293 3187 palam
320 3103 435 3168 vicisse
454 3103 603 3186 Verrem,
631 3107 758 3187 emptos
785 3103 906 3168 habere
928 3101 1063 3185 iudices,
1091 3103 1196 3168 alium

184 3189 238 3254 HS
261 3191 363 3275 ῖοῖᾱ,
392 3191 492 3256 alium
514 3188 570 3254 HS
593 3193 634 3274 fi,
662 3213 758 3274 quem
785 3191 933 3276 minimo,
960 3191 1038 3256 scel
1082 3190 1195 3276 Atque

184 3277 214 3341 ei
233 3301 305 3343 cum
324 3301 516 3364 responsum
534 3282 621 3342 esset
639 3279 710 3343 fieri
727 3300 793 3344 non
815 3301 921 3364 posse,
944 3279 1066 3344 multos
1090 3282 1195 3346 testes

183 3385 254 3429 esse
285 3367 441 3450 dicturos,
473 3389 524 3431 me
553 3371 723 3450 praeterea
752 3389 867 3432 causae
898 3389 965 3433 non
998 3366 1195 3453 defuturum,
1209 3385 1240 3427 as

183 3449 308 3517 ‘Licet
333 3453 490 3539 herele',
517 3454 637 3538 inquit,
666 3454 811 3520 ‘omnes
835 3456 963 3520 omnia
986 3455 1132 3541 dicant,
1154 3457 1196 3521 in

181 3535 267 3614 illo,
306 3540 383 3602 nisi
418 3562 479 3604 res
520 3542 730 3607 manifesta
767 3544 842 3608 erit
877 3545 936 3609 ita
977 3544 1115 3628 allata,
1152 3548 1197 3610 ut
