2604 3880
183 205 247 270 104
423 202 463 258 IN
482 203 505 270 Q
533 202 731 259 O‘AEClLlUM
750 203 953 260 DIVINATIO.

178 349 385 414 familiariter
407 347 596 414 inimicitias
619 371 766 415 exercere
788 348 928 415 videare·
967 348 1098 414 Deinde
1127 357 1210 415 sunt

179 441 280 502 testes
312 439 373 502 viri
401 436 575 502 clarissimi
607 442 739 504 nostras
771 438 927 520 civitatis,
965 459 1047 522 quos
1082 460 1209 504 omnes

180 549 199 592 a
233 547 283 590 me
320 524 479 591 nominari
510 546 577 590 non
609 529 659 590 est
690 547 834 610 uecesse3
870 546 939 610 eos,
975 526 1032 610 qui
1066 527 1210 612 adsunt,

179 615 367 699 appellab03
391 635 486 698 quos,
510 613 537 678 si
562 614 730 699 mentirer,
752 617 854 680 testes
877 635 948 679 essa
970 615 1210 700 impudentias

179 724 269 768 meae
301 703 433 767 minime
465 702 590 767 vellem.
640 699 709 768 Scit
739 703 782 786 is,
814 702 869 786 qui
900 705 951 768 est
982 703 1018 767 in
1045 705 1233 789 consili0,r

179 789 214 856 C.
232 790 416 874 Marcellus,
439 790 501 858 scit
523 789 561 872 is,
584 812 679 874 quem
703 791 815 856 adesse
833 790 936 874 video,
956 788 1013 855 Cn.
1032 790 1209 857 Lentulus

178 879 400 963 Marcellinus,
419 900 555 964 quorum
573 878 636 943 lide
650 882 748 962 atque
762 878 922 962 praesidio
937 876 1037 944 Siculi
1051 881 1209 945 maxime

178 969 342 1050 nituntur,
368 967 455 1051 quod
484 967 615 1032 omnino
639 966 869 1033 Marcellorum
891 967 1015 1032 numini
1037 970 1118 1032 tota
1145 969 1210 1033 illa

129 1077 160 1126 ll
179 1056 347 1141 provincia
376 1055 526 1120 adiuncta
554 1059 613 1119 est.
664 1054 708 1118 Hi
736 1055 843 1120 sciunt
869 1054 930 1119 hoc
957 1076 1023 1119 non
1051 1057 1164 1122 modo
1190 1080 1210 1122 a

179 1167 231 1209 me
249 1144 388 1229 petitum
408 1164 487 1224 csse,
510 1142 632 1208 sedita
654 1164 750 1227 saepe
774 1146 807 1208 et
828 1142 877 1207 ita
899 1142 1115 1208 vehementer
1132 1167 1210 1210 esse
1223 1172 1246 1210 u

178 1233 332 1385 lllllll’
350 1230 987 1405 ululat?rullllllllfllt
1002 1232 1109 1403 fiili
1142 1239 1210 1408 32⁰3
1278 1259 1279 1352 ὲ

178 1407 230 1472 his
258 1407 399 1472 testibus
427 1409 516 1492 utor,
546 1407 640 1491 quasi
667 1428 719 1472 res
746 1406 845 1472 dubia
872 1410 929 1472 aut
955 1408 1096 1473 obseura
1137 1412 1209 1476 sit?

178 1494 309 1560 Adsunt
341 1494 488 1560 homines
522 1517 561 1560 ex
592 1498 664 1560 tota
694 1495 862 1578 provincia
892 1495 1108 1580 nobilissimi,
1147 1500 1209 1583 qui

178 1587 448 1668 praesentasses
472 1586 689 1667 orantatque
717 1584 901 1668 obsecrant,
929 1584 1066 1668 iudices,
1093 1590 1142 1650 ut
1172 1589 1208 1652 in
1221 1611 1244 1651 n

179 1677 288 1738 actore
311 1694 426 1738 causae
451 1693 528 1738 suae
551 1671 721 1757 deligendo
739 1674 884 1737 vestrum
901 1671 1056 1738 iudicium
1075 1674 1125 1738 ab
1143 1697 1207 1741 suo

177 1761 295 1826 iudicio
315 1783 355 1827 ne
375 1761 543 1845 discrepet.
580 1758 733 1825 Omnium
751 1759 920 1825 civitatum
938 1761 1041 1826 totius
1061 1759 1207 1830 Siciliae

177 1850 364 1936 legationes¹
401 1848 519 1913 adsunt
559 1851 690 1932 praeter
730 1847 810 1912 dues
849 1847 1013 1933 civitates3
1054 1871 1206 1934 quarum

179 1937 314 2003 duarum
334 1937 362 2002 si
381 1937 541 2020 adessent,
564 1936 626 2000 duo
641 1936 777 2001 crimina
789 1936 842 2001 vel
856 1936 998 2001 maxima
1012 1938 1206 2006 minueren-

177 2030 246 2106 tur,
273 2047 355 2110 quae
383 2047 455 2090 eum
481 2023 534 2089 his
562 2023 749 2090 civitatibus
778 2021 813 2089 O.
835 2022 932 2089 Verri
954 2027 1242 2094 communicatas

129 2134 159 2182 rs
179 2119 262 2178 sunt.
307 2115 351 2178 At
370 2113 456 2179 anim
479 2135 535 2178 cur
559 2135 578 2176 a
601 2134 653 2177 me
676 2112 885 2196 potissimum
907 2112 970 2179 hoc
991 2114 1205 2198 praesidium

178 2200 385 2285 petiverunt?
421 2198 455 2266 Si
474 2204 560 2266 esset
579 2200 720 2284 dubium,
738 2200 899 2284 petissent
915 2221 1024 2284 necne,
1043 2202 1204 2289 dicerem,

179 2310 236 2354 cur
257 2289 426 2371 petissent.
471 2287 565 2354 Nunc
586 2310 664 2353 vero
687 2310 760 2354 cum
782 2288 816 2352 id
838 2288 886 2352 ita
908 2289 1120 2374 perspicuum
1147 2295 1204 2378 sit,

180 2383 216 2440 ut
244 2377 346 2442 oculis
373 2377 514 2442 iudicare
542 2377 690 2462 possitis,
716 2376 839 2458 nescio,
866 2399 923 2441 cur
950 2376 1013 2443 hoc
1035 2379 1122 2443 mihi
1149 2381 1203 2446 de·

177 2465 332 2530 trimento
356 2486 426 2530 esse
450 2464 575 2548 debeat,
598 2465 627 2529 si
647 2464 680 2528 id
699 2465 779 2528 mihi
798 2464 967 2549 obiciatur,
990 2487 1042 2530 me
1060 2469 1202 2551 potissi·
1216 2493 1240 2534 ss

128 2575 159 2625 ιο
179 2575 268 2617 mum
293 2575 362 2618 esse
385 2553 554 2618 delectum.
599 2552 721 2618 Verum
748 2553 780 2616 id
809 2553 890 2618 mihi
915 2575 983 2619 non
1010 2576 1120 2639 sumo,
1150 2559 1202 2623 iu-

179 2641 277 2724 dices,
305 2645 338 2706 et
365 2641 427 2708 hoc
453 2663 519 2710 non
547 2640 643 2706 modo
672 2642 706 2705 in
733 2641 879 2707 oratione
907 2663 980 2707 mea
1005 2663 1073 2707 nou
1094 2667 1202 2731 pono,

179 2729 297 2794 sedne
326 2731 360 2794 in
389 2729 540 2814 opinione
568 2728 697 2812 quidem
730 2729 919 2814 cuiusquam
947 2730 1113 2816 relinque,
1145 2747 1201 2800 ms

179 2817 327 2883 omnibus
351 2818 499 2901 patronis
522 2837 592 2882 esse
614 2817 846 2902 praepositum.
886 2816 963 2882 Non
979 2818 1029 2883 ita
1047 2823 1115 2903 est3
1139 2822 1201 2887 sed

178 2905 272 2970 unius
310 2905 464 2988 cuiusque
499 2905 670 2990 temperis,
706 2905 915 2988 valetudinis,
947 2905 1120 2972 facultatis
1156 2911 1200 2975 ad
1213 2935 1239 2975 su
1276 2909 1277 2930 *

178 2994 339 3079 agendum
367 2992 463 3058 ducta
491 2993 576 3057 ratio
604 2997 662 3057 est.
708 2991 781 3058 Mea
807 2994 870 3059 fuit
898 3016 1026 3078 semper
1052 2995 1138 3062 haec
1162 2999 1199 3063 in

177 3082 240 3148 hac
257 3103 292 3146 re
310 3082 463 3146 voluntas
481 3087 515 3145 et
539 3082 709 3165 sententia,
734 3083 880 3164 quemvis
903 3086 941 3147 ut
967 3083 1030 3148 hoe
1056 3085 1198 3151 mallem

178 3169 218 3234 de
245 3169 302 3253 iis,
330 3169 385 3254 qui
409 3173 517 3233 essent
539 3169 658 3252 idonei,
684 3170 846 3254 suscipere
869 3192 967 3254 quam
989 3193 1057 3256 me,
1079 3195 1135 3238 me
1158 3178 1197 3239 ut
1276 3161 1277 3180 ¹

178 3258 311 3322 mallem
335 3278 432 3342 quam
454 3257 622 3323 neminem.

139 3325 160 3388 5
245 3345 419 3429 Reliquum
446 3348 498 3410 est
528 3345 594 3409 ianr
620 3349 658 3410 ut
684 3344 767 3411 illud
795 3367 1002 3430 quaeramus,
1032 3368 1105 3412 cum
1130 3349 1195 3415 huc
1210 3375 1236 3414 ss

130 3401 159 3449 ¹⁷
180 3436 321 3514 constet,
345 3430 470 3498 Siculos
493 3454 514 3496 a
536 3453 588 3496 me
610 3433 744 3517 petisse,
768 3433 881 3518 ecquid
903 3433 988 3499 hanc
1010 3457 1083 3500 rem
1103 3437 1195 3522 apud

180 3538 238 3581 vos
263 3518 450 3602 animosque
473 3521 598 3583 vestros
616 3521 723 3585 valere
742 3525 902 3606 oporteat,
920 3523 1036 3607 ecquid
1053 3526 1194 3592 auctori·
