2622 3884
1083 7 1303 20 —''··—·‘—-!

377 143 444 198 LlB.
459 145 485 198 V
516 144 593 198 cAP.
613 149 717 200 55-6?
737 150 752 210 ἓ
772 151 919 200 143-148.
1085 146 1151 210 483

149 292 183 354 et
218 310 289 352 earn
322 285 450 353 Siciliae
484 291 611 371 partem
642 289 785 353 tenuisse
817 289 942 354 dicitur.
991 286 1039 353 At
1070 310 1152 373 quae

149 398 246 442 causa
273 379 343 440 tum
372 374 591 440 subiciebatur
618 375 659 439 ab
686 375 772 461 ipso,
799 376 933 460 iudices,
959 376 1056 442 huius
1082 381 1151 442 tam

148 463 291 529 nefariae
306 462 530 528 crudelitatis?
561 463 693 546 Eadem,
711 487 793 548 quae
810 465 948 530 nuncin
966 465 1151 530 defensione

149 551 464 619 commemorabitur.
502 549 700 635 Quicumque
723 556 924 618 accesserant
947 554 988 618 ad
1007 551 1152 619 Siciliam

13 639 14 642 ’
122 641 247 726 opaulo
270 639 446 725 pleniores,
469 660 524 705 eos
547 637 751 704 Sertorianos
775 641 895 705 milites
919 662 988 706 esse
1012 645 1109 726 atque
1132 664 1153 708 a

148 728 268 794 Dianio
285 726 398 813 fugere
417 727 554 792 dicebat.
588 725 643 791 Illi
661 727 702 792 ad
720 727 955 812 deprecandum
973 731 1152 814 periculum

148 815 358 902 proferebant
395 814 452 880 alii
487 837 662 900 purpuram
695 815 842 901 Tyriam,
877 821 929 882 tus
964 817 1022 882 alii
1055 823 1151 902 atque

150 905 263 970 odores
282 907 468 987 vestemque
486 903 629 987 linteam,
653 924 799 989 gemmas
818 904 874 969 alii
893 907 926 968 et
945 907 1152 990 margaritae,

149 993 225 1058 vina
242 1013 308 1056 non
325 991 409 1056 nulli
427 990 551 1057 Graeca
568 991 755 1076 venalisque
773 991 946 1076 Asiaticos,
967 996 1005 1056 ut
1027 994 1152 1059 intelle

111 1084 278 1166 rogaretur
296 1101 335 1144 cx
354 1079 523 1163 mercibus,
545 1080 662 1164 quibus
681 1101 719 1144 ex
737 1080 818 1145 locis
839 1080 1041 1166 navigarent.
1076 1079 1153 1147 Non

146 1168 357 1254 providerant
375 1189 430 1232 eas
447 1168 536 1252 ipsas
555 1167 619 1232 sibi
637 1189 751 1234 causas
775 1189 845 1233 esse
867 1168 1011 1253 periculi,
1034 1169 1150 1253 quibus

148 1255 349 1343 argumentis
383 1277 418 1320 se
452 1256 492 1320 ad
527 1255 667 1321 salutem
698 1255 748 1320 uti
782 1256 1034 1321 arbitrabantur.
1083 1255 1151 1322 Iste

148 1345 233 1411 enim
265 1345 345 1410 hacc
377 1365 432 1410 eos
462 1364 500 1409 ex
529 1344 709 1428 piratarum
736 1344 891 1410 societate
919 1344 1053 1429 adeptos
1081 1366 1151 1410 esse

148 1433 288 1515 dicebat3
314 1433 404 1516 ipsos
431 1431 465 1497 in
492 1431 668 1496 lautumias
696 1432 811 1497 abduci
835 1433 1030 1517 imperabat,
1057 1433 1150 1498 navis
1302 1483 1303 1506 2

109 1537 133 1578 1⁵
148 1544 259 1586 corum
273 1524 370 1603 atque
384 1539 483 1586 onera
498 1519 673 1604 diligenter
686 1520 887 1586 adservanda
900 1520 1042 1586 curabat.
1070 1520 1131 1586 His
1153 1491 1203 1620 154l
1302 1589 1303 1592 ,

147 1608 307 1674 institutis
348 1629 421 1672 curn
462 1607 641 1691 completus
681 1607 747 1674 iam
787 1613 1004 1673 mercatorum
1042 1631 1150 1675 carcer

147 1700 243 1780 esset,
266 1700 337 1760 tum
358 1694 418 1758 illa
440 1694 570 1778 fiebant,
592 1717 674 1778 quae
697 1694 733 1760 L.
750 1693 906 1779 Suetium,
929 1696 1070 1780 equitem
1089 1697 1151 1762 Ro·

148 1806 293 1867 manum,
320 1781 533 1847 lectissimum
559 1782 679 1866 virum,
706 1782 810 1848 dicere
835 1783 985 1867 audistis,
1013 1788 1046 1848 et
1068 1805 1150 1869 quae

147 1876 271 1938 ceteros
290 1870 436 1935 audietis.
472 1869 619 1936 Cervices
642 1870 677 1934 in
699 1892 825 1936 carcere
847 1871 1082 1956 frangebantur
1105 1872 1151 1936 in·

108 1978 134 2017 ac
148 1958 337 2046 dignissime
368 1958 486 2024 civium
512 1958 746 2042 Romanorum,
776 1962 814 2022 ut
844 1958 911 2023 iam
941 1958 1001 2023 illa
1027 1982 1090 2025 vox
1118 1963 1151 2024 et

147 2047 337 2133 inploratio:
357 2045 478 2112 ‘Civis
492 2044 684 2112 Romanus
703 2045 809 2130 sum’,
828 2069 910 2131 quae
924 2067 1020 2131 saepe
1037 2048 1150 2113 multis

147 2137 181 2201 in
199 2135 324 2200 ultimis
343 2134 440 2199 terris
460 2155 554 2218 opem
572 2134 658 2198 inter
674 2134 834 2200 barbaros
853 2138 886 2199 et
904 2134 1043 2200 salutem
1063 2136 1150 2220 tulit,

148 2247 186 2290 ea
214 2227 352 2289 mortem
381 2221 449 2286 illis
479 2222 676 2288 acerbiorem
706 2226 739 2288 et
768 2222 961 2307 supplicium
990 2223 1149 2289 maturius

146 2313 256 2378 ferret.
301 2310 384 2388 Quid
411 2315 475 2394 est,
500 2308 642 2375 Verres?
674 2310 752 2394 quid
779 2311 820 2375 ad
846 2311 926 2377 haec
951 2312 1077 2397 cogitas
1099 2334 1150 2377 re-

108 2416 134 2456 25
149 2399 327 2484 spondere?
350 2421 428 2463 num
447 2398 578 2463 mentiri
596 2421 657 2482 me,
678 2421 757 2466 num
775 2400 896 2485 lingere
918 2399 1049 2484 aliquid,
1071 2423 1149 2466 num

147 2508 267 2573 augere
293 2486 435 2551 crimen?
466 2508 544 2551 num
572 2486 649 2570 quid
675 2486 792 2552 horum
820 2487 923 2554 dicere
947 2488 1020 2552 istis
1045 2487 1150 2553 defen·

148 2576 275 2640 scribas
307 2574 373 2639 tuis
406 2574 526 2639 audes?
575 2573 662 2641 Oedo
690 2575 783 2659 mihi,
816 2597 949 2660 quaeso,
981 2598 1020 2641 ex
1046 2576 1149 2660 ipsius

147 2663 220 2728 sinu
246 2663 375 2728 litteras
399 2661 686 2747 Syracusanorum,
714 2685 794 2748 quas
822 2664 885 2728 istc
913 2663 953 2728 ad
977 2664 1149 2729 arbitrium

148 2773 242 2816 suum
256 2751 418 2816 confectas
435 2772 506 2816 esse
524 2751 711 2834 arbitratur,
730 2751 807 2818 cedo
824 2752 984 2816 rationem
1003 2752 1150 2836 carceris,

108 2856 134 2897 ³⁰
148 2861 230 2923 quae
255 2838 502 2924 diligentissime
526 2840 706 2927 conficitur,
734 2861 798 2923 quo
822 2840 956 2923 quisque
980 2839 1030 2902 die
1054 2839 1148 2905 datus

146 2927 182 2992 in
195 2927 383 3012 custodiam,
402 2949 466 3010 quo
480 2931 637 3011 mortuus,
656 2949 719 3011 quo
732 2930 865 2991 necatus
884 2926 936 2991 sit.
972 2925 1147 2992 LITTERAE
1297 2975 1298 2992 l

147 3012 457 3082 Smcusanoaun.
501 3013 629 3080 Videtis
658 3014 744 3079 cives
773 3013 938 3079 Romanos
968 3015 1131 3100 gregatim
1151 3027 1201 3076 148
1297 3005 1298 3076 l

146 3103 308 3170 coniectos
336 3102 371 3166 in
396 3103 586 3185 lautumias,
616 3100 733 3166 videtis
760 3101 987 3188 indignissimo
1015 3103 1049 3167 in
1076 3103 1147 3169 loco

147 3194 370 3258 coacervatam
384 3188 626 3254 multitudinem
639 3192 821 3254 vestrorum
838 3189 964 3256 civium.
998 3190 1176 3267 Quaerite

106 3295 132 3336 ³⁵
146 3301 231 3346 nunc
257 3278 410 3364 vestigia,
438 3278 554 3362 quibus
578 3277 682 3342 exitus
706 3299 817 3342 eorum
839 3300 878 3343 er
900 3277 959 3343 illo
982 3279 1053 3344 loco
1076 3301 1149 3344 con·

146 3372 290 3452 pareant.
326 3365 428 3431 Nulla
446 3369 530 3431 sunt.
564 3364 726 3431 Omnesne
745 3365 887 3432 mortui?
918 3364 953 3430 Si
972 3366 1019 3432 ita
1037 3375 1149 3452 posset

147 3455 328 3541 defendere,
350 3459 461 3520 tarnen
479 3454 558 3519 fides
580 3454 655 3520 huie
678 3453 855 3520 defensioni
877 3476 943 3520 non
965 3455 1148 3520 haberetur.
1293 3453 1296 3666 q

883 3558 937 3612 31*
