2564 3876
187 145 231 210 46
357 142 428 198 PRO
448 141 525 197 SEX.
545 139 675 197 aosclo
693 134 861 195 insumo
881 138 1026 194 ORATIO.

186 289 290 372 naris,
321 287 408 372 quod
434 284 568 351 honoris
596 307 693 350 causa
720 290 814 370 pater
840 283 910 349 filio
940 305 999 349 suo
1031 281 1202 366 concessit,

134 399 168 448 45
186 377 220 441 id
248 398 321 441 eum
349 373 499 476 supplicii
527 396 625 439 causa
650 309 765 438 fecispse
789 372 877 438 dicis
922 369 1037 456 Neque
1059 371 1140 436 haec
1164 375 1203 435 tu

186 486 253 530 non
274 462 343 528 inte
326 461 450 548 allegis,
474 462 530 527 sed
552 483 655 546 usque
678 483 725 546 ιο,
749 460 826 546 quid
849 482 977 545 arguas,
999 479 1066 526 non
1087 459 1203 544 habes,

186 554 312 617 utnon
334 551 431 617 modo
454 550 516 615 tibi
539 555 653 616 contra
674 571 735 614 nos
758 548 926 614 dicendum
948 551 1056 633 putes,
1086 570 1204 614 verum

187 640 286 706 etiam
309 643 424 705 contra
442 660 551 704 rerum
568 642 720 703 naturam
739 641 915 722 contraque
934 636 1229 702 consuetudinem

186 728 355 794 hominum
379 730 555 812 contraque
578 725 746 812 opiniones
770 726 923 792 omnium.

135 815 177 880 16
253 816 300 882 At
327 815 426 899 enim,
454 837 527 881 cum
554 814 634 880 duos
661 815 747 880 filios
770 815 925 897 baberet,
897 814 1094 878 talterum
1122 835 1144 878 a
1167 835 1203 878 se

187 926 255 971 non
274 904 470 988 dimittebat,
494 904 541 969 alt
543 924 633 968 erum
651 903 720 968 ruri
743 925 813 968 esse
835 906 893 987 pat
879 863 982 967 tiebat
968 904 1030 967 tur.
1063 900 1204 986 Quaeso,

186 991 299 1077 Eruci,
327 996 365 1058 ut
392 992 490 1058 hoc'
480 1014 516 1056 ιιι
542 992 663 1057 bonam
691 995 819 1076 partem
843 990 997 1075 accipias3
1022 990 1203 1055 nonenim

133 1105 167 1153 46
188 1044 403 1167 exprobrandi
425 1101 536 1164 causa,
559 1079 614 1145 sed
638 1078 861 1146 commonendi
884 1081 958 1164 grat
958 1078 992 1143 ia
944 1077 1129 1144 tdicam.
1168 1076 1205 1143 Si
1218 1098 1242 1137 lo

186 1170 249 1236 tibi
276 1170 409 1235 fortuna
434 1189 501 1234 non
528 1167 630 1252 dedit,
658 1171 695 1232 ut
721 1171 779 1252 pat
780 1189 815 1232 re
838 1170 927 1234 certo
949 1187 1132 1250 nascerere,
1163 1189 1204 1232 ex

187 1280 251 1343 quo
274 1258 466 1342 intellegere
489 1277 615 1342 posses,
642 1255 699 1339 qui
721 1256 847 1322 animus
870 1278 913 1340 pa
914 1255 997 1320 trius
1019 1254 1056 1319 in
1078 1217 1203 1320 libbros

187 1348 282 1429 esset,
301 1348 336 1410 ιι
353 1348 473 1410 natura
491 1348 577 1410 certe
596 1343 693 1428 dedit,
710 1347 748 1408 ut
766 1343 961 1412 humanitas
951 1364 979 1407 ιι
998 1364 1066 1408 non
1084 1365 1202 1426 parum

186 1435 338 1520 haberes3
360 1453 397 1498 eo
417 1432 602 1498 accessitst
588 1394 714 1496 tudiuin
733 1432 834 1497 doct
793 1435 907 1515 tnnae,
925 1435 962 1496 ut
980 1452 1021 1497 ne
1039 1453 1060 1496 e
1078 1431 1135 1495 litt
1121 1431 1202 1496 teris

120 1581 125 1600 ,
187 1522 316 1607 quidem
329 1483 465 1587 alienus
489 1542 585 1586 esses.
625 1519 751 1605 Ecquid
771 1483 907 1587 tandeni
922 1519 984 1584 tibi
1002 1517 1140 1603 videtur,
1164 1524 1240 1583 utu

187 1610 228 1675 ad
254 1610 384 1675 fabulas
411 1609 594 1693 ueniamus,
626 1629 723 1674 senex
749 1608 807 1673 ille
831 1606 1033 1678 Caecilianus
1064 1608 1204 1672 minoris

185 1698 292 1764 fecere
306 1697 503 1782 Eutychum,
520 1697 623 1762 filium
643 1697 809 1798 rusticum,
828 1718 927 1781 quam
940 1696 1035 1761 illum
1050 1696 1204 1779 alterum,

186 1785 343 1853 Chaerest
329 1790 397 1852 ιιιι
382 1787 476 1851 tum?
504 1783 608 1872 (nam,
644 1789 683 1850 ut
714 1786 842 1870 opinor,
877 1784 940 1850 hoc
970 1783 1103 1849 nomine
1137 1784 1205 1869 est)

186 1875 362 1941 alterum'
353 1897 388 1939 ιιι
413 1875 494 1940 urbe
521 1895 630 1940 seeum
657 1872 791 1938 honoris
821 1894 919 1938 cause
950 1871 1086 1956 babere,
1119 1873 1204 1938 alte-

133 1987 165 2034 ιι
186 1986 259 2029 rum
291 1985 347 2028 rus
379 1961 531 2078 supplicii
563 1983 661 2028 causa
691 1961 877 2047 relegasse‘?
923 1958 1018 2037 Quid
1043 1923 1086 2025 ad
1118 1960 1203 2026 istas
1217 1949 1279 2019 ιι

185 2051 326 2137 ineptias
355 2049 460 2115 abis?’
491 2050 627 2134 inquies.
672 2048 772 2125 Quasi
794 2070 872 2115 vero
896 2048 976 2114 mihi
999 2047 1135 2114 difficile
1159 2050 1205 2114 ιιι

187 2139 335 2224 quamvis
349 2139 471 2204 multos
485 2138 679 2204 nominatim
693 2137 847 2240 proferre,
865 2159 906 2202 ne
924 2136 1055 2222 longius
1075 2137 1205 2222 abeam,

186 2227 280 2292 velt
265 2226 403 2291 tribules
430 2226 482 2291 vel
505 2225 629 2292 vicinos
652 2247 755 2310 meos,
778 2225 834 2310 qui
856 2245 933 2291 suos
956 2224 1093 2304 liberos,
1119 2248 1203 2310 quos

185 2313 320 2400 plurimi
332 2313 465 2398 faciunt,
484 2313 645 2400 agricolas
660 2314 808 2380 assiduos
822 2334 892 2379 esse
909 2313 1051 2398 cupiunt.
1075 2313 1204 2380 Verum

100 2439 104 2448 ·
185 2402 333 2468 homines
360 2405 457 2468 notos
481 2423 607 2467 sumere
631 2403 778 2468 odiosum
802 2406 865 2486 est,
895 2423 968 2467 cum
991 2405 1024 2466 ιι
1045 2401 1132 2466 illud
1155 2403 1204 2467 in-
1219 2419 1243 2461 ιι

187 2494 311 2556 certum
335 2488 391 2575 sit,
417 2490 561 2556 velintne
584 2490 609 2555 ii
631 2511 701 2556 sese
723 2489 899 2573 nominari,
928 2494 961 2555 ιι
983 2511 1080 2554 nemo
1104 2491 1204 2557 vobis

186 2579 292 2665 magis
314 2582 413 2644 ιιοιιιι
435 2578 564 2644 futurus
589 2579 646 2663 sit,
674 2601 770 2662 quam
799 2582 850 2644 est
877 2578 932 2644 hic
953 2577 1139 2663 Eutychus,
1169 2584 1204 2645 et

109 2737 116 2749 ,
186 2671 272 2733 certe
292 2667 333 2733 ad
354 2688 424 2732 rem
445 2667 529 2732 nihil
551 2667 690 2751 intersit,
712 2670 822 2731 utrum
844 2665 930 2732 hunc
953 2686 1015 2752 ego
1038 2666 1203 2733 comicum

187 2755 426 2822 adulescentem
454 2777 497 2821 an
524 2755 664 2840 aliquem
692 2775 731 2820 ex
759 2775 840 2841 agro
862 2754 1000 2820 Veiente
967 2755 1203 2821 nt0.minem

185 2843 317 2911 Etenim
335 2843 416 2910 haec
434 2843 571 2909 conficta
590 2843 676 2908 arbit
677 2864 732 2907 ror
750 2863 820 2908 esse
839 2865 860 2908 a
876 2848 937 2928 poe
940 2843 992 2925 tis,
940 2845 1052 2907 tut
1071 2843 1203 2910 effictos
1217 2861 1243 2902 ω

184 2937 316 2999 nostros
339 2953 445 2998 mores
464 2932 499 2996 in
517 2931 631 2996 alienis
650 2930 798 3015 personis
817 2952 1065 3016 expressamque
1084 2931 1204 3020 imagi·
1278 2997 1279 3000 ,

133 3043 167 3092 ιι
185 3043 261 3087 nem
286 3023 373 3123 [nost
375 3022 460 3102 ram]
484 3019 532 3084 ιιι
534 3041 571 3084 ιι
590 3017 770 3084 cottidianae
789 3019 979 3085 videremus.
1016 3020 1091 3105 Age
1105 3041 1203 3106 nunc,
1278 3075 1279 3098 ,

186 3109 271 3175 refer
294 3109 438 3174 animum
461 3107 506 3173 sis
530 3107 570 3172 ad
589 3107 693 3172 verita
693 3110 760 3172 tem
776 3109 809 3172 et
822 3107 998 3190 considera,
1020 3129 1088 3174 non
1101 3110 1202 3175 modo

113 3267 117 3276 ,
185 3196 220 3262 in
238 3195 376 3262 Umbria
395 3195 545 3281 atquem
566 3217 605 3261 ιι
626 3194 802 3279 vicinitate,
827 3195 939 3261 sedin
960 3195 1087 3260 hist
1031 3217 1071 3262 ιι
1072 3197 1203 3263 teribus
1278 3229 1279 3278 ι

185 3285 369 3370 municipiis
402 3306 485 3386 quae
517 3284 626 3349 studia
659 3307 678 3350 ι
679 3246 854 3436 tpatribus
881 3284 1023 3350 familias
1056 3284 1203 3351 maxime
1218 3304 1279 3346 ss

185 3370 372 3457 laudentur,
403 3372 470 3437 iam
501 3373 647 3457 profecto
679 3375 713 3437 te
743 3372 957 3474 intelleges
947 3371 1058 3457 rnopia
1090 3373 1201 3439 crimi-
1278 3389 1279 3398 ¹

185 3478 264 3521 num
278 3479 439 3524 summam
459 3459 588 3527 laudem
612 3459 682 3526 Ser.
701 3458 891 3527 Ιιοιιιοι
842 3482 875 3525 ιι
877 3460 924 3525 tio
949 3464 982 3526 et
1005 3460 1120 3546 culpae
1145 3461 1202 3527 de-
