2524 3876
396 186 474 242 ens.
491 193 595 242 11-14
612 193 628 254 ι
645 194 759 244 ιι-ιι.
1040 190 1082 253 13

70 331 141 394 Sex.
160 327 329 396 Naevius?
358 352 422 415 que
449 330 488 395 de
515 352 550 396 re
577 331 799 397 controversie
823 330 895 396 est?
923 331 1008 416 quod
1032 335 1082 398 est

69 417 131 482 hoc
158 417 327 503 iudicium,
353 417 389 482 ιη
416 441 480 503 quo
505 419 572 484 iem
594 419 760 485 biennium
782 420 972 485 versamur?
1005 420 1083 504 quid

68 504 195 592 negotii
209 506 372 592 geritur,
361 528 475 591 mque
492 506 620 572 illet
568 510 672 573 totet
657 507 823 572 tteles
792 529 880 573 viros
900 507 989 573 defet
974 508 1082 592 tignt?

69 593 246 658 Pecuniam
264 594 356 679 petit.
396 594 491 660 Nunc
514 595 672 680 denique?
704 598 954 661 verumtamen
977 599 1083 681 petet,

46 680 251 747 baudiumus.
264 618 328 748 pDe
344 683 573 748 rationibuset
587 705 647 749 con
648 683 816 749 troversiis
830 683 996 750 societatis
1010 685 1083 749 vult
1099 695 1134 747 ιι

74 769 251 835 diiudicari.
287 768 375 853 Sero,
395 793 508 836 verum
526 771 735 856 aliquundot
736 793 843 855 umen,
861 772 1082 838 concedamus.

75 855 180 922 Non'
181 857 337 943 ,inquit,
365 857 414 924 id
436 880 512 946 ego,
539 858 574 925 O.
592 859 718 944 Aquili,
744 881 849 944 neque
874 859 911 924 in
937 881 975 925 eo
997 881 1083 926 nunc

71 945 197 1011 laboro.
242 945 384 1012 Pecunia
411 969 485 1012 mee
510 951 563 1012 tot
590 969 691 1012 annos
716 947 824 1013 utitur
849 946 884 1012 P.
904 946 1082 1024 Quinctius.

71 1031 195 1098 Utatur
214 1055 305 1118 sane3
322 1056 389 1100 non
406 1034 504 1120 peto?
536 1033 647 1110 Quid
637 1035 700 1122 rgit
700 1058 741 1101 ur
757 1037 907 1121 pugnus?
926 1058 977 1118 en,
996 1035 1083 1120 qnod

32 1140 57 1180 ro
72 1143 169 1206 saepe
197 1122 347 1188 multis
337 1145 371 1188 ιη
398 1123 478 1189 locis
507 1124 616 1188 dixist
592 1128 632 1208 ιι,
663 1145 705 1189 ne
731 1123 767 1187 in
794 1123 925 1188 civitate
949 1086 1005 1208 sit,
1042 1144 1082 1188 ne

70 1209 181 1275 locum
209 1231 317 1296 suum,
345 1233 440 1295 quem
464 1211 569 1276 adhuc
590 1212 819 1277 honestissime
843 1211 998 1297 defendit,
1026 1211 1083 1276 ob·

70 1299 190 1382 tinent,
221 1320 262 1362 ne
289 1303 476 1364 numeretur
506 1299 593 1364 inter
622 1300 728 1378 vivos,
760 1300 911 1366 decernat
943 1299 982 1364 de
1013 1299 1083 1365 vita
1116 1314 1118 1320 '

72 1390 104 1450 et
134 1388 336 1452 ornamentis
366 1387 433 1452 suis
464 1388 627 1472 omnibus,
664 1387 749 1473 apud
781 1388 920 1454 iudicem
951 1409 1082 1453 causum

71 1474 181 1558 priore
207 1475 281 1540 loco
308 1474 395 1541 dicet
422 1479 468 1560 et,
501 1497 573 1540 eam
600 1499 673 1541 cum
701 1477 818 1560 orarit,
846 1480 917 1542 turn
946 1475 1083 1561 denique

33 1577 59 1618 1⁵
73 1584 185 1628 vocem
212 1563 410 1629 accusatoris
436 1564 568 1629 audiat?
614 1562 718 1640 Quid?
746 1564 808 1630 hoc
831 1586 895 1649 quo
918 1564 1082 1650 pertinet?

72 1653 109 1715 nt
138 1650 229 1716 ocius
261 1651 301 1716 ed
327 1655 420 1717 tuum
446 1652 638 1736 pervenies?
678 1653 726 1716 At
755 1652 783 1716 si
809 1652 842 1716 id
869 1652 986 1737 uelles,
1016 1653 1084 1716 ism

72 1738 199 1823 pridem
216 1742 325 1804 sotum
344 1761 413 1805 esse
431 1743 571 1825 poteret.
602 1739 650 1805 Ut
667 1739 854 1805 honestiore
872 1739 991 1805 iudicio
1010 1761 1082 1804 con·
1100 1751 1134 1800 44

71 1826 218 1892 dictere?
263 1825 310 1892 At
337 1828 405 1892 sine
433 1849 559 1893 summo
588 1828 708 1893 scelere
730 1827 765 1892 P.
785 1826 984 1911 Quinctium,
1011 1849 1083 1911 pro-

72 1914 232 2000 pinquum
253 1919 360 2000 tuum,
382 1917 530 2001 iugulere
552 1937 618 1981 non
641 1918 744 2000 potes.
784 1914 832 1980 Ut
853 1915 980 1980 facilius
1003 1915 1083 1979 iudi·

31 2019 58 2056 20
73 2002 157 2068 cium
191 2003 256 2068 sit?
306 2002 353 2067 At
379 2025 483 2089 neque
510 2002 546 2070 (ι.
569 2003 720 2086 Aquilius
748 2004 787 2068 de
814 2003 920 2089 cupite
948 2003 1083 2068 ulterius

73 2090 214 2156 libenter
243 2091 377 2169 iudicet,
410 2096 443 2156 et
470 2089 506 2167 Q.
529 2091 724 2156 Hortensius
753 2095 867 2156 contre
893 2095 991 2176 capnt
1018 2113 1084 2156 non

72 2179 185 2244 didicit
202 2179 316 2244 dicere.
348 2178 432 2256 Quid
451 2180 583 2244 anobis
602 2183 720 2262 autern,
739 2179 773 2244 O.
783 2180 904 2263 Aquili,
922 2179 1084 2244 refertur?

71 2266 248 2333 Pecuniam
261 2268 359 2352 petit,
376 2288 535 2353 negemus
555 2267 672 2332 deberi.
701 2267 860 2332 Iudicium
878 2268 938 2332 fiet
956 2267 1084 2351 stetim,

69 2377 138 2421 non
164 2376 361 2420 recusamus.
405 2353 453 2420 Ut
481 2355 558 2440 quid
584 2357 774 2441 praeterea?
820 2353 855 2420 Si
877 2359 1020 2440 veretur,
1046 2359 1084 2420 ut

30 2459 55 2499 2⁵
69 2466 123 2509 res
147 2442 268 2508 iudicio
290 2443 378 2509 fecto
401 2447 519 2528 parete
541 2443 599 2527 sit,
621 2444 798 2508 iudicatum
822 2443 907 2508 solvi
929 2444 1011 2508 setis
1034 2465 1084 2509 ec·

69 2532 188 2617 cipiat3
212 2531 329 2616 quibus
348 2554 368 2598 e
386 2553 437 2596 me
456 2531 564 2597 verbis
583 2531 664 2596 sotis
688 2531 856 2616 acceperit,
879 2531 982 2597 isdem
1004 2531 1084 2616 ipse,

70 2620 160 2705 qnod
192 2623 284 2704 peto,
321 2619 401 2684 setis
435 2619 497 2684 det.
542 2619 703 2684 Actum
693 2642 760 2684 rem
792 2623 902 2704 potest
934 2641 1017 2704 esse,
1049 2618 1083 2685 Ο.

69 2707 225 2793 Aquili3
215 2729 283 2772 ram
296 2711 334 2774 tu
342 2711 441 2809 potes
455 2707 613 2772 liberatus
627 2708 789 2773 discedere
804 2708 964 2793 molestie,
981 2728 1083 2793 prope

70 2796 194 2878 dicam,
216 2817 283 2860 ιιοη
305 2796 430 2861 minore
454 2817 551 2879 quam
575 2794 752 2872 Quinctius

30 2899 56 2940 ιο
162 2845 249 2958 Quid
274 2884 415 2969 egimus,
441 2883 619 2949 Hortensi?
652 2884 729 2969 quid
753 2883 791 2949 de
813 2884 875 2950 hnc
898 2883 1135 2950 condicionem

71 2972 234 3038 dicimus?
283 2971 460 3037 Possumus
493 2971 666 3056 aliquando
696 2972 834 3057 deposit
825 2995 853 3036 rs
884 2972 983 3037 ermis
1014 2970 1083 3034 sine

70 3061 219 3146 periculo
238 3059 444 3126 fortunarum
463 3060 501 3125 de
520 3082 555 3125 re
577 3060 763 3145 pecuniaria
786 3059 988 3144 disceptare?
1011 3079 1084 3142 pos·

73 3171 187 3214 sumus
219 3148 268 3213 its
299 3171 368 3214 rem
398 3150 547 3214 nostrum
578 3149 741 3234 persequi,
772 3152 810 3213 ut
838 3147 980 3212 hominis
1008 3167 1083 3230 pro-

73 3237 189 3322 pinqui
208 3239 307 3321 ceput
327 3237 488 3302 incolume
507 3258 576 3302 esse
599 3237 785 3322 patiamur?
808 3257 980 3352 possumus
1003 3233 1084 3318 peti·

32 3340 59 3381 ιι
72 3325 156 3390 toris
176 3347 349 3410 personum
371 3347 493 3410 cepere,
517 3325 715 3390 accusatoris
739 3324 918 3410 deponere?
942 3321 1083 3406 Ιίηηιο,

71 3413 199 3498 inquit,
227 3411 362 3478 abste
329 3417 442 3478 tetsa
443 3413 470 3478 is
499 3413 669 3498 occipiem3
696 3434 757 3498 ego
785 3415 894 3476 sutem
917 3410 979 3475 tibi
1001 3410 1083 3476 setis

70 3523 142 3567 non
170 3500 276 3569 dabo?
322 3499 400 3578 Quis
426 3501 558 3566 tandem
584 3501 680 3566 nobis
708 3499 867 3565 istarum
887 3505 957 3564 tem
980 3521 1083 3583 ecque
1095 3513 1136 3575 14
