2622 3884
209 227 275 292 394
500 225 539 279 ru
558 207 586 281 oss
605 225 759 280 vesunu
777 224 857 281 lor.
878 225 912 280 11.

208 370 279 437 Hoc
302 370 465 455 quondam
487 370 657 456 oppidum,
684 370 838 436 camilla
861 369 977 436 civitas
1001 392 1074 435 cum
1097 368 1218 435 Poenis

209 481 267 524 suo
285 459 416 525 nomine
439 481 477 524 ae
499 480 559 525 sua
581 463 697 546 sponte
719 459 871 538 bellaret,
895 457 1219 546 aKarthaginiensi-

208 548 269 613 bus
301 547 335 613 vi
362 551 493 633 captum
521 550 618 633 atque
646 548 787 613 deletum
818 550 881 631 est,
914 547 1101 632 omniaque,
1132 568 1218 630 quae

208 639 399 701 ornamento
428 636 503 701 urbi
530 658 600 702 esse
627 640 775 721 possent,
805 634 1045 721 Karthaginem
1072 637 1150 700 sunt
1177 657 1218 700 ex

207 725 268 789 illo
299 724 371 790 loco
403 724 583 810 deportata.
632 723 708 790 Fuit
735 723 821 810 apud
848 721 1044 809 Segestanos
1073 745 1112 788 ex
1141 739 1243 788 aereo

166 833 171 842 ·
207 811 332 878 Dianae
364 812 572 878 simulacrum
604 835 677 878 oum
707 834 834 878 summa
862 815 959 898 atque
987 811 1218 897 antiquissima

208 901 392 986 praeditum
418 901 589 988 religione,
617 905 688 966 tum
713 900 872 987 singulari
895 921 991 985 opere
1015 899 1218 984 artificioque

207 989 396 1074 perfectum.
422 987 494 1055 Hoc
505 991 702 1054 translatum
715 987 954 1076 Karthaginem
965 989 1073 1055 locum
1084 991 1218 1053 tanturn

207 1078 419 1162 hominesque
455 1081 612 1162 mutarat,
648 1078 839 1164 religionem
876 1076 1004 1161 quidem
1039 1076 1218 1162 pristinam

208 1167 434 1249 conservabat3
470 1187 547 1231 nam
582 1171 717 1252 propter
753 1165 904 1231 eximiam
940 1165 1217 1250 pulchritudinem
1232 1182 1254 1222 1⁰

208 1255 307 1319 etiam
323 1255 474 1320 hostibus
493 1254 600 1340 digna,
620 1276 717 1338 quam
737 1253 940 1320 sanctissime
959 1254 1112 1337 colerent,
1129 1253 1218 1319 vide·

156 1358 188 1407 re
209 1343 314 1407 batur.
356 1341 494 1428 Aliquot
522 1343 658 1406 saeculis
684 1346 760 1427 post
782 1342 817 1407 P.
835 1339 943 1426 Scipio
968 1342 1070 1423 [bello
1092 1341 1216 1408 Punico

207 1430 320 1512 tertio]
345 1426 578 1515 Carthaginem
597 1431 696 1517 cepit3
719 1430 838 1515 quain
855 1429 992 1495 victoria
1015 1428 1136 1515 (videte
1159 1429 1217 1496 ho·

208 1517 304 1582 minis
325 1517 482 1583 virtutem
505 1521 538 1583 et
562 1518 775 1604 diligentiam,
797 1522 835 1583 ut
858 1523 892 1583 et
914 1518 1100 1584 domesticis
1123 1539 1216 1602 prae

208 1605 407 1671 clarissimae
433 1605 565 1671 virtutis
592 1607 747 1692 exemplis
776 1605 945 1692 gaudeatis
973 1609 1007 1671 et
1030 1628 1068 1672 eo
1091 1605 1253 1671 maiores

208 1694 282 1759 odio
316 1694 448 1781 dignam
480 1694 575 1760 istius
603 1694 826 1760 incredibilem
854 1693 1022 1760 audaciam
1048 1690 1215 1781 iudicetis)

207 1783 393 1849 convocatis
417 1780 533 1848 Siculis
562 1782 724 1866 omnibus,
753 1783 838 1868 quod
861 1782 1042 1847 diutissime
1065 1781 1215 1868 saepissi-

207 1893 322 1956 meque
341 1868 486 1937 Sioiliam
505 1875 657 1937 vexatam
680 1894 700 1937 a
717 1869 1046 1955 Karthaginiensibus
1069 1891 1140 1936 esse
1164 1891 1214 1936 co

208 1963 340 2045 gnorat,
365 1959 456 2024 iubet
479 1960 588 2026 omnia
610 1960 769 2044 conquiri3
792 1959 966 2044 pollicetur
988 1958 1052 2024 sibi
1074 1979 1214 2044 magnae

208 2068 303 2113 curae
316 2047 396 2132 fore,
413 2051 451 2111 ut
465 2048 574 2112 omnia
587 2047 783 2132 civitatibus,
802 2067 885 2131 quae
898 2045 1052 2130 cuiusque
1064 2046 1214 2130 fuissent,
1226 2063 1249 2102 2⁰

207 2137 464 2200 restituerentur.
501 2135 584 2200 Tum
599 2135 666 2219 illa,
685 2157 767 2220 quae
785 2133 948 2219 quondam
967 2138 1059 2200 erant
1077 2133 1214 2200 Himera

207 2224 347 2306 sublata,
366 2223 405 2288 de
420 2223 536 2307 quibus
551 2227 647 2289 antea
661 2223 735 2308 dixi,
753 2222 974 2288 Thermitanis
989 2227 1065 2288 sunt
1077 2222 1213 2306 reddita,

207 2315 278 2376 turn
315 2311 381 2376 alia
413 2311 619 2396 Gelensibus,
655 2312 721 2376 alia
752 2310 992 2397 Agrigentinis,
1028 2310 1062 2374 in
1095 2310 1212 2395 quibus

207 2399 307 2464 etiam
324 2398 382 2462 ille
400 2399 520 2463 nobilis
540 2402 663 2484 taurus,
687 2421 782 2484 quem
801 2399 1043 2464 crudelissimus
1067 2398 1212 2464 omnium

206 2491 420 2570 tyrannorum
438 2485 589 2552 Phalaris
611 2487 764 2553 habuisse
788 2487 914 2570 dicitur,
936 2508 1000 2571 quo
1023 2486 1116 2552 vivos
1140 2508 1212 2572 sup
1225 2503 1249 2543 a
1292 2509 1293 2566 j

206 2574 297 2660 plicii
324 2595 421 2639 causa
448 2574 619 2640 demittere
644 2574 791 2640 homines
819 2578 853 2639 et
880 2574 1024 2640 subicere
1044 2574 1212 2640 flammam
1292 2567 1293 2586 ¹

71 2673 73 2678 ’
207 2662 343 2728 solebat.
389 2661 490 2737 Quem
526 2667 656 2728 taurum
691 2685 763 2728 eum
796 2660 903 2748 Scipio
935 2662 1083 2728 redderet
1114 2662 1212 2749 Agri-

207 2750 364 2836 gentinis,
396 2749 515 2816 dixisse
547 2750 664 2816 dieitur
691 2773 829 2835 aequum
858 2772 927 2816 esse
954 2750 1030 2817 illos
1058 2751 1212 2837 cogitare,

205 2844 316 2905 utrum
335 2842 422 2903 esset
441 2837 693 2926 [Agrigentinis]
712 2839 836 2925 utilius,
858 2839 965 2904 suisne
984 2838 1106 2904 servire
1129 2861 1211 2904 aune

205 2927 943 3082 {lptltttttllltlttssrtltdtl
953 2931 1246 3081 ldtttlltl

154 3104 514 3277 34habqqssnt,empore
541 3189 728 3278 Segestanis
760 3191 902 3256 maxima
928 3213 1001 3258 curn
1028 3213 1106 3258 cura
1131 3191 1211 3258 haee
1292 3225 1293 3238 κ

155 3239 188 3330 ⁷-4
205 3281 278 3364 ipsa
299 3279 420 3364 Diana,
444 3280 482 3344 de
506 3301 571 3364 qua
593 3280 742 3364 dicimus,
764 3280 923 3364 redditur,
945 3283 1134 3366 reportatur
1157 3277 1209 3344 Se
1292 3243 1293 3310 A

206 3371 347 3452 gestam,
373 3389 409 3445 1n
436 3367 502 3432 suis
531 3368 674 3451 antiquis
700 3367 829 3432 aedibus
852 3389 980 3433 summa
1002 3389 1076 3434 eum
1099 3371 1245 3454 gratu-³⁵

206 3453 328 3518 latione
346 3454 465 3520 civium
484 3458 518 3519 et
535 3455 663 3520 laetitia
685 3455 861 3539 reponitur.
897 3455 987 3520 Haeo
1010 3459 1081 3521 erat
1103 3456 1211 3541 posita

207 3537 360 3623 Segestae
375 3562 452 3605 sane
467 3542 592 3606 excelsa
608 3543 643 3606 in
660 3542 741 3626 basi,
759 3543 795 3607 in
812 3565 876 3627 qua
894 3543 1073 3630 grandibus
1091 3544 1211 3610 litteris
1292 3621 1293 3624 Ἴ
