2622 3884
373 167 440 224 ΗΒ.
455 169 482 223 V
511 167 589 223 OAP.
608 174 713 224 ao-aa
733 175 748 235 e
767 175 880 225 rs-se.
1041 231 1047 242 ,
1068 169 1134 232 459

122 315 254 398 praeter
275 333 375 378 unam
398 312 491 377 mimi
513 311 631 378 Isidori
652 313 770 396 filiam,
793 335 891 397 quam
914 313 977 378 iste
1000 316 1135 397 propter

17 424 25 483 ζ.
123 423 267 467 amorem
300 402 342 466 ab
375 400 504 466 Rhodio
536 401 669 466 tibicine
702 402 889 466 abduxerat.
936 400 1020 466 Erat
1051 401 1135 485 Pipa

8 515 19 553 e
123 488 291 574 quaedam,
310 511 392 555 uxor
404 489 616 556 Aeschrionis
635 487 838 573 Syracusani,
858 491 896 554 de
915 511 979 574 qua
998 489 1134 554 muliere

8 603 17 644 a
121 577 256 662 plurimi
285 599 411 662 versus,
439 579 495 662 qui
522 579 557 642 in
582 577 678 642 istius
706 578 918 662 cupiditatem
945 579 1025 643 facti
1049 580 1133 661 sunt,

8 694 22 733 z
92 669 195 732 ucoca
222 663 333 732 Sicilia
364 667 641 751 percelebrantur3
674 670 744 731 erat
771 665 864 751 Nice,
896 666 979 731 facie
1007 666 1134 750 eximia,
1152 680 1185 730 82

121 759 160 820 ut
200 755 421 839 praedicatur,
461 777 543 820 uxor
580 753 746 820 Cleomeni
783 752 986 838 Syracusani.
1040 755 1133 819 Hanc

122 930 288 998 adversari
314 953 374 996 nec
400 935 533 1016 poterat
557 953 617 996 nec
644 931 785 996 audebat
813 935 846 996 et
874 931 971 996 simul
1000 931 1041 996 ab
1067 930 1132 996 isto

8 1031 18 1092 '3
122 1020 215 1086 donis
242 1019 471 1103 beneficiisque
498 1019 611 1085 multis
639 1020 890 1085 devinciebatur.
934 1019 999 1084 Illo
1023 1022 1133 1084 autem

8 1121 16 1182 ξ
79 1124 107 1164 1⁰
120 1113 269 1193 tempore
284 1109 357 1192 iste,
374 1108 509 1174 tametsi
528 1130 567 1174 aa
585 1111 636 1174 est
654 1108 796 1174 hominis
814 1108 1016 1193 inpudentia,
1035 1129 1133 1192 quam

8 1233 15 1271 ς
119 1197 239 1281 nostis,
266 1197 336 1280 ipse
362 1201 473 1262 tamen
500 1217 573 1262 cum
600 1196 651 1262 vir
677 1200 765 1262 esset
787 1195 970 1281 Syracusis,
996 1218 1132 1261 uxorem

8 1323 13 1360 ;
120 1285 190 1350 eius
222 1307 338 1370 parum
370 1289 501 1370 poterat
533 1285 642 1350 animo
676 1285 783 1350 soluto
817 1307 855 1350 ac
887 1285 991 1350 libero
1018 1289 1071 1349 tot
1098 1285 1134 1349 in

8 1413 12 1448 ξ
121 1377 195 1439 acta
214 1373 282 1438 dies
306 1394 415 1438 secum
437 1374 567 1439 habere.
602 1372 720 1457 Itaque
744 1373 909 1459 excogitat
931 1395 1001 1439 rem
1025 1374 1133 1458 singu·

8 1501 10 1520 t
121 1462 237 1546 larem3
273 1483 388 1547 naves,
419 1463 537 1546 quibus
569 1462 699 1548 legatus
734 1462 934 1546 praefuerat,
965 1459 1133 1527 Cleomeni

79 1564 107 1606 1⁵
120 1550 233 1634 tradit,
255 1550 353 1615 classi
375 1550 490 1635 populi
507 1549 648 1616 Romani
667 1548 874 1615 Cleomenem
893 1549 1132 1634 Syracusanum
1186 1589 1187 1592 =

121 1660 271 1724 praeesse
293 1639 385 1703 iubet
409 1643 506 1723 atque
528 1639 699 1723 imperare.
739 1637 812 1704 Hoc
835 1659 873 1704 eo
896 1637 989 1722 facit,
1014 1642 1052 1703 ut
1075 1638 1132 1703 ille

120 1750 186 1797 non
205 1727 312 1793 solum
331 1728 462 1792 abesset
480 1749 500 1792 a
519 1727 625 1810 domo,
648 1727 725 1792 dum
747 1727 929 1812 navigaret,
952 1726 1009 1790 sed
1032 1727 1132 1791 etiam

121 1816 262 1882 libenter
280 1838 354 1883 oum
371 1837 492 1903 magno
510 1815 633 1880 honore
656 1815 876 1898 beneficioque
900 1815 1039 1899 abesset,
1061 1816 1131 1898 ipse

121 1908 231 1970 autem
249 1908 376 1970 remoto
396 1909 493 1988 atque
512 1904 668 1990 ablegato
691 1903 762 1969 viro
784 1926 851 1968 non
874 1903 1009 1969 liberius
1033 1925 1131 1986 quam

80 2007 108 2048 ²⁰
121 1996 219 2058 antea
250 1991 338 2077 (quis
371 1993 457 2057 enim
488 2014 644 2077 umquam
673 1991 770 2057 istius
797 1991 926 2057 libidini
954 1988 1132 2077 opstititl),

122 2080 178 2146 sed
195 2081 294 2166 paulo
314 2081 470 2148 solutiore
487 2084 600 2147 tamen
618 2080 726 2146 animo
746 2103 854 2147 secum
872 2081 965 2145 illam
986 2079 1132 2162 haberet,

121 2169 242 2234 sinon
268 2173 437 2253 tamquam
464 2169 585 2254 virum,
613 2169 669 2234 sed
696 2172 865 2253 tamquam
893 2169 1057 2234 aemulum
1085 2189 1132 2234 re

120 2257 287 2323 movisset.

188 2345 318 2430 Accipit
354 2346 448 2410 navis
486 2345 648 2412 sociorum
684 2350 782 2431 atque
819 2346 998 2412 amicorum
1037 2343 1131 2411 Cleo·
1150 2355 1184 2406 sa

80 2448 107 2490 2⁶
122 2453 233 2498 menes
256 2430 486 2517 Syracusanus.
533 2432 618 2509 Quid
644 2434 787 2518 primum
815 2438 873 2500 aut
899 2456 1046 2500 accusem
1075 2439 1132 2499 aut
1142 2429 1184 2494 32

122 2521 262 2604 querar?
298 2517 449 2585 Siculone
469 2521 595 2587 homini
618 2522 730 2607 legati,
754 2524 947 2607 quaestoris,
969 2523 1131 2607 praetoris

122 2608 259 2692 denique
281 2612 495 2694 potestatem,
517 2610 689 2694 honorem,
712 2611 942 2676 auctoritatem
966 2610 1058 2676 dari?
1097 2607 1133 2674 Si

120 2701 155 2762 te
169 2697 368 2780 impediebat
380 2697 447 2762 ista
460 2697 681 2763 conviviorum
696 2699 932 2782 mulierumque
952 2697 1131 2782 occupatio,

120 2784 178 2850 ubi
199 2789 400 2869 quaestores,
423 2785 480 2850 ubi
502 2786 618 2872 legati,
642 2786 712 2867 [ubi
734 2786 836 2850 ternis
861 2786 1002 2852 denariis
1026 2789 1097 2850 aest
1120 2822 1131 2831 -

81 2891 108 2932 ³⁰
121 2877 248 2938 matum
278 2871 493 2957 frumentum,
524 2874 581 2939 ubi
608 2874 703 2957 muli,
735 2874 792 2939 ubi
819 2875 1043 2956 tabernacula,
1075 2873 1132 2938 ubi

120 2966 174 3027 tot
205 2964 362 3044 tantaque
395 2966 587 3027 ornamenta
617 2962 867 3047 magistratibus
900 2965 933 3026 et
964 2961 1084 3046 legatis
1112 2983 1133 3026 a

122 3054 238 3115 senatu
256 3050 442 3134 populoque
460 3049 609 3116 Romano
632 3047 792 3134 permissa
815 3054 849 3114 et
871 3050 970 3134 data]
994 3050 1132 3134 denique

121 3138 178 3203 ubi
192 3137 359 3223 praefecti,
377 3137 434 3202 ubi
447 3138 573 3203 tribuni
586 3137 657 3202 tui?
689 3135 724 3202 Si
738 3137 817 3203 civis
831 3137 998 3203 Romanus
1013 3138 1131 3224 dignus

120 3227 186 3292 isto
214 3225 348 3312 negotio
375 3247 471 3291 nemo
494 3225 570 3309 fuit,
598 3226 675 3310 quid
698 3225 861 3311 civitates,
889 3227 1028 3311 quaein
1052 3227 1132 3293 ami-

82 3329 108 3372 to
121 3315 199 3379 citia
218 3315 345 3400 fideque
368 3314 483 3400 populi
500 3313 639 3380 Romani
661 3319 819 3400 perpetuo
842 3316 1052 3381 manserant?
1074 3316 1133 3381 ubi

122 3401 310 3489 Segestana,
325 3403 391 3468 ubi
410 3403 620 3488 Centuripina
643 3403 781 3470 civitas?
804 3426 983 3489 quaecum
1007 3405 1132 3489 officiis,

120 3491 197 3572 fide,
219 3496 398 3576 vetustate,
421 3496 492 3558 tum
516 3493 614 3558 etiam
637 3494 832 3580 cognatione
854 3494 969 3580 populi
991 3494 1130 3561 Romani
