2604 3880
152 212 216 279 136
389 211 428 265 IN
448 210 476 266 0.
495 209 651 266 VERREM
669 209 778 265 ACTIO
797 210 921 267 PRIMA.

151 357 190 424 de
216 357 311 423 vobis
338 356 459 421 malam
487 355 672 441 opinionem
701 355 809 420 animo
838 355 1044 422 imbibisset?
1090 357 1161 435 Quo

151 446 273 512 maiore
292 445 400 529 etiam,
419 445 448 509 si
466 444 536 508 fieri
553 447 672 528 potest,
694 443 779 528 apud
797 465 855 509 vos
874 445 948 510 odio
967 467 1037 510 esse
1056 445 1162 531 debet,

151 557 249 619 quam
271 537 322 598 est
344 532 430 619 apud
452 533 609 618 populum
631 531 828 615 Romanum,
858 555 930 598 cum
953 533 988 597 in
1015 535 1161 619 avaritia,

151 623 280 706 scelere,
303 621 445 706 periurio
468 641 526 686 vos
550 619 606 720 sui·
623 619 746 684 similes
770 640 840 685 esse
863 621 1002 687 arbitret
1043 674 1049 687 .

97 692 141 818 ἐξ)
217 709 278 775 Oui
304 710 390 793 loco,
416 731 475 793 per
498 707 574 772 deos
597 708 813 792 mmortales,
840 708 975 794 iudices,
1002 711 1191 780 consulites

151 819 188 863 ac
210 797 391 882 providete!
436 796 553 861 Moneo
576 795 790 880 praedicoque
813 795 859 880 id,
886 798 973 882 quod
994 799 1163 885 intellego,

150 891 278 970 tempus
308 886 371 951 hoc
392 883 485 951 vobis
509 883 663 948 divinitus
687 884 799 950 datum
822 906 907 969 esse,
934 891 972 951 ut
999 887 1085 971 odio,
1114 887 1163 950 in·

150 974 251 1058 vidia,
282 974 430 1057 infamia,
462 971 662 1056 turpitudine
693 976 801 1037 totum
833 974 979 1039 ordinem
1005 974 1162 1039 liberetis.

150 1061 253 1127 Nulla
278 1062 314 1125 in
340 1060 466 1126 iudiciis
494 1059 664 1143 severitas,
690 1061 783 1126 nulla
805 1062 934 1148 religio,
961 1063 1054 1128 nulla
1076 1062 1163 1127 deni·

151 1172 213 1235 que
240 1150 306 1216 iam
334 1149 560 1214 existimantur
587 1169 657 1212 esse
683 1149 809 1214 iudicia.
854 1151 969 1235 Itaque
997 1150 1209 1235 apopulo1o

150 1238 299 1304 Romano
327 1236 576 1322 contemnimur,
604 1236 807 1321 despicimur,
830 1239 924 1324 gravi
946 1238 1163 1323 diuturnaque

96 1342 132 1390 44
150 1326 218 1390 iam
237 1326 414 1411 flagramus
437 1324 580 1389 infamia.
624 1323 738 1408 Neque
762 1326 848 1390 enim
870 1327 973 1392 ullam
997 1327 1095 1392 aliam
1118 1327 1162 1391 ob

151 1435 282 1479 causam
322 1414 463 1498 populus
504 1412 670 1478 Romanus
714 1412 923 1479 tribuniciam
963 1419 1162 1499 potestatem

150 1506 243 1568 tanto
271 1501 378 1567 studio
411 1500 593 1584 requisivit;
625 1521 724 1584 quam
756 1521 828 1566 cum
860 1503 1029 1587 poscebat,
1060 1504 1162 1568 verbo

149 1589 243 1655 illam
273 1611 406 1675 poscere
440 1589 622 1673 videbatur,
658 1610 693 1654 re
729 1611 807 1654 vera
842 1589 961 1655 iudicia
995 1592 1161 1676 poscebat.
1178 1619 1209 1661 15

150 1677 264 1764 Neque
289 1679 352 1744 hoc
374 1676 410 1753 Q.
434 1676 600 1762 Catulum,
627 1676 792 1742 hominem
816 1679 1091 1762 sapientissimum
1113 1685 1162 1744 at-

151 1789 213 1852 que
231 1766 478 1851 amplissimum,
496 1766 582 1852 fugit
601 1765 665 1852 ,qui
684 1763 741 1830 Cn.
754 1764 919 1852 Pompei0,
939 1767 1009 1832 viro
1023 1767 1163 1832 fortissi-

150 1877 204 1921 mo
237 1861 270 1921 et
301 1855 496 1938 clarissimo,
530 1854 569 1918 de
600 1852 775 1918 tribunicia
806 1859 970 1939 potestate
1002 1855 1162 1921 referente

150 1966 224 2010 cum
252 1948 338 2008 esset
366 1942 560 2008 sententiam
582 1945 732 2027 rogatus,
759 1940 822 2008 hoc
843 1943 938 2008 initio
961 1948 1012 2008 est
1034 1965 1163 2009 summa

150 2055 224 2098 cum
247 2032 440 2098 auctoritate
462 2051 554 2112 usus,
575 2033 685 2114 patres
709 2030 910 2115 conscriptos
934 2031 1051 2096 iudicis
1074 2033 1160 2097 male
1176 2059 1206 2101 so

151 2126 184 2186 et
212 2119 375 2206 flagitiose
402 2119 499 2201 tueri3
528 2118 643 2201 quodsi
669 2117 704 2181 in
726 2117 823 2183 rebus
846 2118 1024 2184 iudicandis
1046 2120 1162 2204 populi

150 2208 290 2273 Romani
307 2205 541 2272 existimationi
560 2206 640 2270 satis
658 2206 764 2271 facere
781 2207 969 2290 voluissent,
986 2228 1052 2272 non
1065 2211 1160 2272 tanto

150 2317 246 2379 opere
273 2295 420 2360 homines
447 2294 548 2359 fuisse
575 2294 783 2359 tribuniciam
810 2299 1008 2379 potestatem
1040 2295 1162 2360 deside·

96 2404 131 2454 4⁶
149 2387 288 2449 raturos.
337 2384 412 2468 Ipse
449 2383 585 2467 denique
618 2381 674 2448 On.
705 2380 879 2468 Pompeius
916 2405 988 2448 cum
1018 2383 1162 2468 primum

151 2471 333 2537 contionem
351 2472 392 2536 ad
410 2471 523 2536 urbem
543 2471 655 2536 consul
679 2471 866 2556 designatus
889 2471 1013 2555 habuit,
1035 2471 1100 2554 ubi,
1124 2471 1160 2535 id
1175 2498 1206 2540 aa

151 2559 236 2644 quod
254 2559 393 2625 maxime
412 2559 593 2644 exspectari
610 2559 789 2641 videbatur,
809 2558 950 2623 ostendit
968 2579 1003 2622 se
1021 2558 1161 2623 tribuni-

150 2647 234 2713 ciam
251 2652 449 2732 potestatem
463 2648 700 2729 restituturum,
717 2645 824 2711 factus
839 2651 889 2710 est
902 2647 937 2710 in
950 2657 989 2712 eo'
1002 2647 1159 2730 strepitus

150 2741 184 2801 et
219 2741 316 2822 grata
351 2735 510 2801 contionis
542 2733 806 2799 admurmuratio.
860 2733 949 2800 Idem
981 2735 1015 2798 in
1047 2733 1160 2800 eadem

150 2823 299 2890 contione
322 2847 395 2889 cum
418 2823 552 2887 dixisset
573 2820 747 2906 populatas
770 2825 966 2906 vexatasque
994 2843 1064 2887 esse
1085 2844 1159 2907 pro

151 2912 281 2997 vincias,
303 2912 421 2977 iudicia
444 2915 552 2977 autom
574 2909 684 2993 turpia
707 2931 744 2974 ac
766 2909 931 2995 flagitiosa
952 2910 1035 2993 fieri3
1058 2910 1089 2974 ei
1110 2911 1160 2975 rei
1174 2938 1204 2980 ao

151 3022 184 3065 se
199 3000 368 3102 providere
388 3022 430 3151 acl
443 2998 609 3064 consulere
626 2997 723 3062 velle:
741 3001 812 3150 tupi
831 3019 907 3149 vflro
925 3019 992 3063 non
1010 2999 1159 3151 strepipp,

95 3090 1159 3280 p{zlstmltttattl&subbatadimittitis

150 3268 238 3347 sunt,
266 3265 454 3348 observant,
482 3285 578 3349 quem
606 3263 646 3330 ad
669 3262 801 3329 modum
824 3283 1000 3327 sessurus
1023 3262 1159 3347 quisque

148 3354 298 3416 nostrum
321 3355 415 3436 gerat
437 3352 472 3415 in
493 3351 661 3418 retinenda
683 3351 841 3438 religione
865 3349 1159 3435 conservandisque
1174 3377 1201 3418 ss

149 3438 285 3524 legibus.
330 3437 452 3503 Vident
474 3440 579 3506 adhuc
600 3445 676 3526 post
699 3441 805 3526 legem
828 3437 1036 3504 tribuniciam
1058 3460 1160 3504 unum

149 3528 332 3589 senatorem
354 3526 406 3589 vel
430 3528 655 3594 tenuissimum
679 3551 749 3593 esse
773 3529 977 3610 damnatum3
1003 3526 1089 3610 quod
1111 3530 1160 3592 ta·
