2622 3884
192 210 259 274 412
493 205 533 259 ΙΝ
552 203 581 260 C.
595 203 750 258 VERREM
767 203 847 260 Aer.
864 204 900 260 11.

140 327 192 453 {³113
259 352 407 418 Audistis
426 349 631 416 Theodorum
656 353 689 414 et
706 347 904 414 Numenium
927 351 961 414 et
983 346 1205 430 Nicasionem,

193 443 322 529 legatos
340 439 546 521 Hennenses,
568 438 697 524 publice
721 437 826 504 dicere
848 457 919 502 sese
942 459 962 502 a
985 437 1053 502 suis
1076 437 1206 502 civibus

192 529 273 596 haec
299 528 419 594 habere
447 527 615 612 mandata,
641 530 679 592 ut
704 525 745 590 ed
762 524 898 590 Verrem
921 525 1049 590 adirent
1072 529 1106 590 et
1129 547 1205 590 eum

193 617 403 684 simulacrum
422 614 548 684 Cereris
571 619 605 681 et
619 613 787 680 Victoriae
804 617 1024 700 reposcerent3
1046 613 1082 678 id
1104 613 1135 680 si
1156 614 1205 680 in·

192 709 391 792 petressent,
417 708 489 770 tum
510 708 695 770 utmorem
717 706 860 768 veterem
882 701 1106 768 Hennensium
1129 721 1229 768 eon-⁵

193 798 375 879 servarent,
399 792 529 879 publice
552 791 587 857 in
610 813 697 874 eum,
719 791 853 857 tametsi
874 795 1025 856 vexasset
1047 787 1205 876 Siciliam,

193 887 313 968 temen,
330 881 485 968 quoniam
498 880 579 947 haec
593 903 613 946 a
625 879 804 946 maioribus
821 879 975 945 instituta
993 879 1206 964 accepissent,

192 971 417 1038 testimonium
434 968 581 1054 nequod
600 968 756 1051 dicerent3
780 968 959 1033 sinautem
982 989 1021 1032 ea
1042 989 1110 1034 non
1132 969 1204 1034 red·

193 1059 342 1144 didisset,
368 1063 440 1124 tum
466 1061 504 1124 ut
528 1058 564 1123 in
584 1055 702 1122 iudicio
726 1055 897 1137 adessent,
916 1059 987 1122 turn
1009 1060 1048 1121 ut
1070 1055 1109 1121 de
1133 1056 1203 1122 eins

77 1177 79 1182 ,
192 1147 319 1214 iniuriis
354 1145 475 1212 iudices
507 1145 672 1228 docerent,
708 1144 765 1209 sed
801 1144 940 1210 maxime
972 1144 1011 1210 de
1042 1144 1240 1231 religionen

193 1239 412 1321 quererentur.
462 1233 550 1310 Quas
580 1233 714 1299 illorum
746 1232 965 1316 querimonias
993 1232 1112 1318 nolite,
1143 1255 1204 1319 per

194 1325 270 1391 deos
284 1322 485 1407 inmortales,
503 1321 679 1405 aspernari,
696 1321 799 1386 nolite
813 1324 1019 1386 contemnere
1038 1343 1075 1388 ac
1092 1322 1204 1409 negle-

194 1433 284 1499 gere,
309 1411 443 1476 iudices!
484 1409 638 1496 Aguntur
659 1409 795 1475 iniuriae
819 1409 995 1494 sociorum,
1018 1409 1129 1496 agitur
1151 1411 1203 1476 vis

193 1500 313 1586 legum,
332 1499 442 1585 agitur
459 1497 658 1563 existimatio
675 1498 863 1581 veritasque
879 1496 1080 1563 iudiciorum.
1112 1495 1203 1574 Quae

194 1591 271 1654 sunt
298 1586 407 1653 omnia
429 1608 623 1672 permagna,
648 1606 762 1651 verum
783 1585 867 1652 illud
889 1585 1079 1652 maximum:
1107 1590 1242 1652 tantan

193 1676 351 1762 religione
365 1674 526 1741 obstricta
543 1678 616 1740 tota
633 1673 801 1759 provincie
820 1677 879 1758 est,
897 1677 992 1740 tanta
1009 1675 1202 1759 superstitio

193 1787 232 1830 ex
258 1764 355 1830 istius
381 1763 469 1830 facto
497 1767 622 1829 mentes
649 1762 794 1828 omnium
818 1760 999 1828 Siculorum
1022 1763 1204 1848 occeperit,
1228 1815 1238 1858 ,

192 1857 243 1939 ut,
271 1874 490 1939 quaecumque
517 1851 665 1918 accidant
687 1850 817 1936 publice
839 1851 1058 1936 privatimque
1081 1851 1203 1918 incom-

193 1941 302 2026 moda,
338 1944 473 2026 propter
509 1961 581 2005 eam
616 1960 749 2006 oausam
784 1939 915 2005 sceleris
946 1939 1042 2004 istius
1074 1940 1203 2006 evenire

143 2030 389 2096 invideantur.
425 2027 574 2094 Audistis
597 2025 835 2112 Centuripinos,
860 2026 1091 2114 Agyrinenses,
1113 2025 1202 2096 Gati-
1215 2048 1240 2088 re

192 2139 323 2202 nenses,
358 2116 552 2200 Aetnenses,
588 2115 802 2182 Herbitenses
839 2115 1085 2201 compluresque
1117 2117 1202 2183 alios

192 2206 322 2291 publice
345 2205 459 2289 dicere,
481 2227 564 2290 quae
587 2205 729 2270 solitudo
753 2207 840 2268 esset
860 2203 897 2269 in
918 2204 1017 2290 agris,
1039 2226 1122 2288 qnae
1145 2228 1202 2270 va-

193 2295 304 2378 stitas,
331 2315 414 2377 quae
435 2292 516 2379 fuga
539 2296 718 2376 aratorum,
745 2313 844 2376 quam
867 2291 1007 2377 deserta,
1033 2313 1132 2377 quam
1154 2294 1201 2358 in·
1294 2299 1295 2386 l

193 2383 295 2466 culta,
322 2403 421 2465 quam
445 2382 560 2447 relicte
583 2381 700 2446 omnia.
740 2379 791 2446 Ea
813 2381 946 2446 tametsi
968 2381 1081 2446 multis
1103 2381 1201 2447 istius
1283 2387 1295 2422 e

194 2474 227 2535 et
244 2469 344 2534 variis
362 2470 490 2535 iniuriis
508 2468 703 2554 ecciderunt,
724 2472 835 2534 tamen
857 2467 937 2534 haec
959 2490 1025 2534 una
1045 2491 1145 2536 causa
1166 2470 1240 2536 ina

71 2593 76 2602 ”
193 2556 545 2712 ltlffllttt?
558 2557 746 2731 Atreis
767 2556 1201 2714 attrectent

193 2736 310 2801 terisse
324 2735 534 2800 arbitrantur.
569 2733 744 2799 Medemini
760 2733 912 2820 religioni
929 2734 1100 2819 sociorum,
1118 2734 1201 2800 iudi·
1294 2769 1295 2782 r

193 2846 260 2908 ees,
291 2826 481 2890 conservate
509 2825 663 2888 vestram.
707 2820 820 2906 Neque
848 2821 934 2887 enim
960 2823 1041 2888 haee
1068 2826 1201 2890 externa

193 2912 287 2978 robis
310 2916 362 2977 est
384 2911 501 2997 religio
523 2931 628 2994 neque
653 2910 769 2976 aliena.
809 2907 931 2986 Quodsi
955 2914 1054 2994 esset,
1081 2910 1110 2976 si
1133 2929 1237 2977 sus-u

141 2998 800 3154 11:intermiscente
816 2998 1201 3154 ttlllssttffltl

194 3176 341 3262 gentium
356 3111 514 3262 religione
531 3174 630 3260 inque
648 3174 689 3239 iis
708 3174 818 3258 saeris,
837 3196 919 3258 quae
937 3175 1077 3240 maiores
1095 3177 1202 3242 nostri
1294 3179 1295 3182 ’

193 3265 234 3329 ab
247 3263 366 3329 exteris
381 3263 570 3329 nationibus
589 3262 714 3328 adscito
732 3265 829 3345 etque
848 3263 1005 3328 arcessite
1022 3264 1200 3349 coluerunt,

193 3373 275 3434 quse
307 3371 413 3434 sacra,
443 3354 482 3416 ut
511 3353 605 3414 erant
631 3371 667 3414 re
693 3369 784 3433 vera,
816 3349 863 3415 sio
890 3351 1051 3436 appellari
1078 3350 1235 3418 Graecae

191 3438 378 3521 voluerunt,
403 3438 615 3523 neglegentes
644 3458 682 3502 ae
704 3436 855 3502 dissoluti
878 3437 907 3502 si
929 3438 1097 3524 cupiemus
1121 3461 1199 3527 esse,

192 3522 248 3606 qui
270 3525 466 3607 possumus?
