2504 3876
158 126 225 192 484
459 124 499 179 IN
518 123 547 180 (l.
562 125 714 180 VERREM
731 124 808 182 AOT.
827 125 862 180 ΙΙ.

159 271 222 338 Sed
262 271 420 354 seriptum
460 272 550 334 extat
589 269 625 333 in
661 268 764 334 isdem
801 269 941 354 litteris,
991 271 1090 354 quod
1129 271 1183 335 iste

159 377 257 426 nemo
293 358 452 424 barbarus
483 377 521 422 ae
553 357 730 422 dissolutus
761 379 865 442 neque
899 359 1091 424 attendere
1124 382 1182 422 um-

160 470 258 532 quem
293 467 398 530 neque
433 445 624 530 intellegere
660 445 780 530 potuit:
816 443 1107 530 ἐδικαιώθησαν,
1144 448 1182 510 in-

161 536 246 620 quit,
275 534 338 599 hoe
369 536 432 618 est,
462 537 500 598 ut
526 529 627 598 Siculi
658 533 820 618 locuntur,
852 534 1028 618 supplicio
1068 536 1181 600 adfecti

107 594 159 720 {539
179 645 216 688 ao
251 621 358 686 necati
393 624 477 686 sunt.
531 617 565 686 si
602 621 657 705 qui
692 643 761 702 rex,
796 621 825 686 si
862 643 927 706 qua
967 623 1101 690 civitas
1136 645 1199 694 ere

160 716 305 776 terarum
341 710 500 796 gentium,
537 709 566 772 si
597 730 661 792 que
691 709 781 775 natio
811 708 944 774 fecisset
982 711 1123 795 aliquid
1151 712 1180 776 iu

160 798 239 865 civis
275 797 440 864 Romanos
476 797 545 862 eius
581 796 682 881 modi,
717 817 824 862 nonne
858 797 997 881 publice
1038 800 1179 864 vindiea-

159 908 281 972 remus,
311 907 417 952 nonne
448 884 537 951 bello
566 884 852 968 persequeremur?
882 906 1070 970 possemus
1101 888 1177 952 hanc

160 975 312 1040 iniuriam
334 973 610 1060 ignominiamque
632 973 772 1038 nominis
792 972 933 1039 Romani
956 975 1116 1040 inultam
1138 977 1177 1039 in·

161 1064 372 1148 punitamque
403 1061 588 1126 dimittere?
635 1059 721 1136 Quot
751 1060 839 1126 bella
865 1062 1012 1126 maiores
1044 1068 1203 1132 nostrosc

161 1156 195 1217 et
217 1155 340 1236 quanta
362 1149 540 1234 suscepisse
564 1148 780 1233 arbitramini,
808 1148 893 1233 quod
916 1151 1008 1215 cives
1034 1151 1176 1217 Romani

161 1240 279 1304 iniuria
302 1237 433 1322 adfecti,
458 1237 545 1321 quod
566 1237 759 1303 navicularii
780 1237 912 1322 retenti,
936 1239 1030 1322 quod
1058 1262 1176 1306 merca·

161 1333 249 1394 teres
277 1326 411 1411 spoliati
437 1325 641 1390 dicerentur?
685 1325 733 1390 At
759 1346 820 1411 ego
841 1325 908 1389 iam
931 1331 1092 1393 retentos
1116 1351 1176 1394 non

162 1413 677 1586 fellicultfssuffulu
689 1414 1203 1572 ttrretlbtctttlltl,

1187 1537 1194 1572 l

111 1603 162 1654 150
181 1595 214 1655 et
235 1590 270 1654 in
292 1589 408 1654 vinclis
431 1589 517 1655 cives
538 1589 704 1655 Romanos
727 1593 860 1656 necatos
883 1611 953 1654 esse
978 1612 1103 1677 arguo.
1146 1591 1176 1656 Si

161 1678 241 1743 haee
268 1677 355 1762 apud
377 1675 515 1762 Scythas
543 1676 694 1760 dicerem,
719 1699 785 1742 non
808 1676 861 1743 hio
882 1677 917 1741 in
939 1682 1040 1743 tanta
1066 1680 1176 1744 multi-

161 1767 273 1832 tudine
291 1766 410 1831 civium
423 1765 654 1848 Romanorum,
672 1786 737 1831 non
756 1765 842 1849 apud
860 1769 1040 1851 senatores,
1069 1768 1175 1834 lectis-

163 1856 263 1920 simos
285 1854 437 1937 civitatis,
459 1874 525 1918 non
546 1853 582 1916 in
603 1853 674 1918 foro
697 1853 811 1938 populi
833 1852 971 1918 Romani
997 1854 1039 1918 de
1066 1860 1123 1921 tot
1146 1861 1175 1921 et

162 1947 231 2008 tam
267 1941 391 2008 aeerbis
427 1940 595 2025 suppliciis
631 1941 748 2006 civium
783 1940 1021 2026 Romanorum,
1062 1947 1205 2012 tamemc

163 2032 288 2095 animos
332 2029 431 2094 etiam
471 2029 685 2094 barbarorum
724 2028 893 2094 hominum
932 2051 1173 2115 permoverem.

163 2118 269 2183 Tanta
296 2117 382 2182 enim
409 2117 505 2182 huius
530 2116 659 2201 imperii
687 2117 881 2202 amplitudo,
908 2121 1003 2182 tanta
1026 2121 1173 2185 nominis

163 2206 303 2270 Romani
323 2205 466 2291 dignitas
490 2208 540 2269 est
562 2204 647 2288 apud
670 2227 781 2270 omnes
804 2205 961 2289 nationes,
982 2209 1023 2270 ut
1047 2207 1120 2273 ista
1142 2209 1174 2272 in

162 2299 293 2359 nestros
321 2293 469 2358 homines
497 2292 671 2358 erudelitas
697 2293 818 2358 nemini
844 2315 997 2358 concessa
1025 2315 1103 2360 esse
1131 2297 1174 2360 vi-

164 2381 286 2446 deatur.
317 2379 412 2446 Nunc
424 2381 487 2445 tibi
501 2401 561 2466 ego
575 2381 678 2445 ullam
692 2381 839 2466 salutem,
856 2381 961 2446 ullum
978 2382 1173 2470 perfugium
1184 2413 1205 2452 25

33 2481 38 2492 ’
162 2473 284 2555 putem,
306 2489 379 2533 eum
396 2472 430 2533 te
449 2469 640 2553 inplicatam
663 2469 836 2534 severitate
857 2469 1009 2553 iudicum,
1033 2471 1173 2536 eircum-

112 2569 162 2620 151
181 2555 315 2621 ratitum
341 2555 524 2641 frequentia
548 2556 661 2641 populi
682 2557 821 2622 Romani
844 2577 913 2622 esse
935 2557 1094 2624 videam?
1140 2559 1174 2624 Si

164 2644 359 2728 mehercule,
385 2643 419 2708 id
446 2644 532 2728 quod
556 2644 628 2708 fieri
648 2666 714 2709 non
735 2666 831 2729 posse
853 2645 1025 2731 intellego,
1054 2668 1098 2711 ex
1121 2648 1174 2712 his

163 2737 196 2800 te
223 2733 348 2817 laqueis
376 2732 501 2796 exueris
528 2753 566 2798 ee
592 2736 625 2796 te
649 2732 833 2815 aliquavis
856 2755 893 2798 ao
915 2733 1044 2798 ratione
1069 2737 1174 2821 expli-

163 2822 262 2906 earis,
283 2821 318 2885 in
340 2820 415 2884 illas
438 2819 501 2884 tibi
522 2819 661 2884 maiores
683 2821 799 2906 plagas
822 2821 1027 2886 inridendum
1052 2827 1117 2908 est,
1141 2825 1209 2892 inec

164 2910 282 2994 quibus
308 2913 342 2973 te
369 2908 411 2973 ab
438 2907 551 2974 eodem
578 2929 630 2972 me
652 2909 817 2991 superiore
840 2930 879 2973 ex
901 2909 973 2974 loeo
996 2912 1118 2976 confici
1141 2917 1174 2978 et

164 2997 289 3062 concidi
314 3017 444 3061 necesse
472 2999 530 3061 est.
575 2993 636 3061 Oui
659 2996 687 3059 si
710 2997 879 3081 etiamid,
907 2996 992 3082 quod
1015 2996 1174 3084 defendit,

164 3085 263 3151 velim
290 3084 476 3168 concedere,
503 3086 613 3148 tamen
640 3084 712 3169 ipsa
738 3085 796 3149 illa
822 3083 907 3152 falsa
935 3085 1081 3151 defensio
1107 3110 1174 3153 non

165 3172 271 3322 qriqrus
303 3192 374 3236 esse
405 3172 435 3238 ei
465 3171 646 3257 perniciosa
676 3195 773 3256 quam
800 3194 873 3238 mea
899 3195 976 3239 vera
1003 3177 1174 3241 accusatio

187 3279 204 3320 e
229 3262 290 3321 eat.
1189 3293 1211 3332 cs

232 3341 315 3416 Quid
347 3344 433 3408 enim
465 3345 628 3410 defendit?
672 3346 723 3410 nx
749 3346 911 3433 Hispania
941 3350 1110 3435 fugientes
1142 3376 1178 3419 se

167 3429 327 3512 excepisse
346 3433 379 3492 et
397 3432 555 3514 supplicio
575 3432 730 3499 adfecisse
748 3435 835 3501 dicit.
868 3436 947 3512 Quis
964 3439 1029 3502 tibi
1048 3439 1084 3504 id
1104 3463 1179 3525 per-
