2622 3884
375 223 483 282 ΜΒΝ
518 223 596 280 cnr.
617 229 719 278 10-12
738 229 754 290 s
772 229 886 280 as-ao.
1066 225 1132 290 439

123 376 254 452 tempus
270 367 379 434 deberi
394 367 626 434 arbitrabatur.
647 367 717 444 Quo
732 369 803 435 loco
816 391 883 434 non
896 369 979 434 mihi
992 373 1133 455 praeter·
1152 383 1187 433 28

124 457 285 522 mittenda
302 457 392 522 videt
392 479 431 521 ur
448 457 609 542 praeclari
626 457 835 610 imperatoris
855 458 988 545 egregia
1011 481 1048 524 ac
1071 459 1133 523 sin-
1276 457 1278 460 ’

149 545 250 611 ularis
290 545 469 631 diligentia.
523 544 610 610 Nam
648 545 729 610 scito
731 549 764 610 te
801 546 957 631 oppidum
993 568 1063 612 esse
1098 547 1132 611 in

124 568 237 699 inilia
267 634 395 699 nullum
428 655 467 699 ex
498 633 538 698 iis
572 633 753 718 oppidis,
743 656 779 698 m
810 634 926 718 quibus
956 635 1134 700 consistere

95 726 293 807 spraetores
316 726 350 788 et
373 725 566 788 conventum
590 743 687 807 agere
710 720 847 807 soleant,
870 745 933 806 quo
955 723 991 787 in
1014 724 1134 809 oppido

124 833 191 876 non
222 811 280 876 isti
312 833 352 876 ex
383 811 494 895 aliqua
524 810 651 876 familia
682 832 749 876 non
775 809 914 896 ignobili
941 811 1066 877 delecta
1093 812 1134 877 ad

126 899 294 964 libidinem
318 899 435 964 mulier
459 901 555 964 esset.
595 898 710 982 Itaque
733 920 799 964 non
821 900 932 964 nullae
956 921 994 964 ex
1017 922 1054 965 eo
1077 921 1135 964 nu·

124 1009 215 1052 mero
251 989 286 1052 in
327 987 511 1053 convivium
549 986 787 1052 adhibebantur
822 987 947 1072 palam3
988 987 1016 1052 si
1052 1009 1135 1072 quae

124 1075 281 1141 castiores
308 1080 414 1160 erant,
441 1075 483 1141 ad
505 1078 634 1160 tempus
657 1075 845 1161 veniebant,
873 1077 977 1148 lucem
999 1097 1134 1141 conven-

81 1180 111 1221 ιο
124 1168 260 1248 tumque
287 1164 446 1230 vitabant.
490 1163 597 1229 Erant
622 1167 732 1229 autem
754 1164 902 1229 convivia
924 1186 990 1230 non
1011 1164 1070 1229 illo
1094 1165 1134 1229 si·

124 1252 226 1317 lentio
253 1256 444 1336 praetorum
470 1252 585 1337 populi
607 1250 747 1317 Romani
775 1255 872 1336 atque
899 1253 1133 1337 imperatorum

123 1361 228 1424 neque
242 1362 280 1405 eo
294 1341 425 1425 pudore,
444 1340 500 1424 qui
513 1342 548 1404 in
562 1341 816 1425 magistratuum
835 1341 991 1406 conviviis
1010 1341 1134 1406 versari

125 1429 223 1512 solet,
251 1429 308 1494 sed
336 1451 409 1495 cum
432 1428 573 1493 maximo
596 1428 738 1494 clamore
762 1432 860 1513 atque
883 1428 1041 1513 convici03
1068 1451 1135 1495 non

124 1539 302 1601 numquam
327 1517 426 1582 etiam
448 1538 500 1581 res
525 1515 565 1580 ad
588 1537 732 1602 pugnam
756 1521 854 1600 atque
878 1517 919 1583 ad
942 1539 1057 1582 manus
1080 1539 1135 1583 vo·

84 1621 111 1662 1⁵
126 1606 270 1671 sabatur.
314 1605 382 1670 Iste
410 1605 495 1669 enim
522 1607 655 1688 praetor
683 1626 813 1670 severus
837 1627 874 1670 ac
897 1605 1050 1691 diligens,
1079 1605 1135 1689 qui

124 1694 240 1779 populi
258 1693 399 1759 Romani
420 1693 549 1778 legibus
568 1714 745 1776 numquam
767 1693 942 1778 paruisset,
962 1693 1031 1757 illis
1054 1693 1133 1779 legi-

125 1784 200 1867 bus,
224 1804 306 1866 quae
324 1783 359 1846 in
380 1781 506 1867 poculis
530 1781 746 1866 ponebantur,
770 1781 944 1866 diligenter
966 1781 1134 1865 obtempe-

125 1872 231 1936 rabat.
270 1870 386 1954 Itaque
414 1873 507 1936 erant
533 1869 638 1933 exitus
662 1868 854 1952 eiusmodi,
881 1873 918 1934 ut
941 1869 1025 1934 alius
1048 1870 1150 1936 inter.

125 1979 242 2024 manus
260 1980 279 2024 e
296 1957 445 2026 convivio
463 1962 632 2041 tamquam
652 1978 669 2020 e
687 1957 812 2041 proelio
836 1956 1026 2042 auferretur,
1050 1958 1133 2022 alius

84 2064 112 2105 ²0
126 2051 294 2131 tamquam
324 2046 447 2113 occisus
471 2046 720 2129 relinqueretur,
747 2045 894 2130 plerique
916 2049 954 2110 ut
975 2045 1041 2110 fusi
1064 2046 1134 2110 sine

126 2140 234 2202 mente
266 2158 304 2202 ac
336 2136 405 2200 sine
434 2135 503 2200 ullo
534 2155 630 2199 sensu
656 2134 812 2217 iacerent,
844 2137 882 2198 ut
909 2133 1134 2218 quiriacum

127 2224 316 2309 aspexisset,
337 2245 405 2288 non
426 2245 462 2288 se
483 2221 645 2308 praetoris
669 2221 861 2304 convivium,
885 2223 941 2287 sed
966 2225 1029 2304 [ut]
1054 2221 1134 2288 Oan-

125 2333 259 2380 nensem
281 2332 426 2397 pugnam
448 2311 613 2396 nequitiae
634 2308 743 2375 videre
768 2273 992 2376 arbitraretur

194 2398 277 2465 (lum
313 2421 390 2465 vero
427 2404 534 2465 aestas
571 2421 698 2464 summa
735 2420 805 2464 esse
842 2403 1006 2501 coeperat,
1048 2368 1187 2495 quod12

84 2505 112 2546 ²⁵
126 2489 256 2572 tempus
279 2508 390 2552 omnes
414 2485 543 2554 Siciliae
567 2509 693 2572 semper
714 2488 915 2572 praetores
905 2511 940 2553 m
962 2445 1169 2553 itineribus²

127 2597 316 2642 consumere
348 2579 556 2660 consuerunt,
590 2579 764 2661 propterea
796 2576 883 2660 quod
914 2580 986 2642 tum
1016 2581 1136 2677 putant

127 2663 310 2731 obeundam
347 2685 417 2730 esse
453 2664 592 2730 maxime
624 2665 839 2749 provinciam,
875 2687 948 2730 cum
980 2665 1015 2729 in
1051 2664 1134 2730 areis

126 2753 270 2819 frument
255 2756 291 2818 ta
310 2756 386 2818 sunt
387 2754 504 2855 ”quod
523 2757 557 2817 et
578 2752 722 2817 familiae
746 2757 988 2838 congregantur
1011 2755 1044 2816 et
1067 2775 1135 2817 ma-

127 2841 264 2928 gnitudo
297 2842 398 2907 servit
398 2841 423 2906 ii
453 2840 649 2927 perspicitur
679 2845 711 2906 et
738 2841 833 2906 labor
860 2841 967 2926 operis
995 2839 1136 2904 maxime

85 2947 113 2988 ³⁰
128 2931 275 3014 offendit,
301 2930 457 2994 frumenti
480 2929 574 3014 copia
597 2933 793 3012 commonet,
818 2933 947 3012 tempus
971 2927 1048 2992 anni
1070 2949 1137 2992 non

125 3018 264 3103 inpedit.
283 3019 390 3102 tum,
380 3039 524 3102 mquam,
543 3039 616 3082 cum
630 2980 823 3083 concursant
843 3016 941 3080 ceteri
958 3018 1136 3100 praetores,

124 3107 190 3171 iste
209 3129 295 3171 novo
319 3106 460 3190 quodam
484 3108 549 3186 [ex]
574 3127 698 3207 genere
713 3105 893 3189 imperator
915 3102 1135 3188 pulcherrimo

126 3193 362 3278 Syracusarum
390 3195 461 3259 loco
489 3191 612 3259 stativa
638 3191 701 3260 sibi
724 3196 832 3257 castra
853 3191 1002 3257 faciebat.
979 3189 1134 3256 tNam
1154 3203 1188 3253 30

125 3283 161 3348 in
187 3283 259 3367 ipso
288 3283 379 3348 aditu
404 3286 502 3366 atque
526 3302 581 3346 ore
603 3285 732 3366 portua,
759 3278 816 3345 ubi
838 3280 980 3365 primum
1004 3302 1043 3344 ex
1066 3280 1135 3345 alto

85 3387 112 3428 ⁸⁵
127 3371 216 3436 sinus
240 3372 281 3437 ab
305 3371 403 3437 litore
426 3370 467 3434 ad
489 3369 605 3433 urbem
627 3368 803 3434 inflectitur
803 3369 1045 3449 ,tabernacula
1069 3391 1135 3434 car-

125 3459 233 3523 baseis
265 3459 393 3524 intenta
424 3458 505 3524 velis
536 3456 737 3521 conlocabat
786 3455 860 3522 Huc
888 3478 926 3520 ex
952 3457 1012 3521 illa
1039 3458 1135 3522 domo

125 3547 299 3633 praetoria,
323 3568 405 3631 quae
428 3545 516 3632 regis
539 3543 692 3608 Hieronis
715 3544 787 3631 fuit,
811 3545 857 3610 sic
880 3544 1073 3632 emigrabat,
1098 3549 1135 3610 ut
