2576 3882
325 181 393 238 LIB.
412 180 439 234 ll
471 182 548 236 CAP.
568 187 682 237 ‹ss-os.
701 187 715 247 ξ
735 187 883 237 ros-159.
1048 183 1112 248 257

167 327 326 392 Dixerunt
334 324 513 409 Halaesini,
526 323 725 408 Catinenses,
735 325 955 412 Tyndaritani,
965 327 1113 394 Hennen·
1124 325 1168 391 65

103 437 162 500 ses,
184 415 407 498 Herbitenses,
429 413 660 500 Agyrinenses,
683 413 805 497 Netini,
829 413 1013 502 Segestani,
1040 439 1114 482 enu-

102 525 225 570 merare
254 524 365 568 omnes
392 523 459 568 non
486 508 536 567 est
561 524 701 568 necesse.
751 499 862 588 Scitis,
892 526 990 588 quam
1018 506 1115 570 multi

103 597 134 658 et
158 614 256 677 quarn
279 591 384 655 multa
406 590 513 676 priore
537 591 663 656 actione
682 592 834 677 dixerint3
857 613 942 659 nuno
961 591 994 658 et
1011 593 1063 658 illi
1082 598 1115 659 et

76 681 219 765 sreliqui
241 679 357 745 dicent.
399 678 518 744 Omnes
543 679 680 763 denique
701 679 764 745 hoo
786 680 822 744 in
843 680 906 745 hac
928 703 1026 746 causa
1047 680 1167 746 in-15‘l

101 770 271 856 tellegent,
303 767 365 833 hoc
397 768 506 833 animo
539 789 609 832 esse
637 766 775 851 Siculos,
805 772 855 852 ut,
888 769 916 833 si
946 770 982 834 in
1012 771 1114 835 istum

103 857 362 924 animadversum
393 878 460 920 non
492 856 549 938 sit,
581 856 644 920 sibi
676 856 904 940 relinquendas
935 858 1047 922 domos
1077 881 1114 924 ac

103 947 192 1011 sedes
208 967 283 1011 suas
298 948 331 1010 et
346 967 384 1010 ex
399 943 509 1009 Sicilia
527 945 742 1010 decedendum
766 948 863 1030 atque
887 944 967 1011 adeo
989 946 1114 1031 fugien-

103 1036 178 1099 dum
205 1055 275 1100 esse
304 1033 512 1099 arbitrentur.
562 1031 632 1097 Hos
660 1033 808 1098 homines
835 1039 872 1098 tu
904 1034 1113 1118 persuadebis

64 1142 89 1181 10
104 1124 144 1188 ad
162 1122 319 1188 honorem
338 1125 436 1207 atque
455 1121 702 1206 amplitudinem
725 1126 816 1186 tuam
838 1123 991 1207 pecunias
1016 1123 1114 1188 maxi-

102 1223 172 1276 mas
201 1212 371 1276 voluntate
394 1232 453 1276 sua
476 1211 675 1275 contulisse?
721 1207 839 1294 Credo,
867 1212 922 1294 qui
945 1217 978 1276 te
1000 1211 1036 1275 in
1058 1215 1115 1275 tua

103 1300 234 1366 civitate
261 1299 456 1364 incolumem
484 1320 554 1363 esse
581 1299 720 1381 nollent,
748 1297 783 1362 hi
806 1302 1017 1364 monumenta
1039 1303 1115 1380 tuae

102 1389 226 1453 formae
250 1410 287 1452 ac
310 1386 451 1452 nominis
474 1387 508 1451 in
532 1388 598 1452 suis
622 1386 810 1451 civitatibus
834 1409 905 1452 esse
933 1388 1115 1472 cupiebant.

102 1477 167 1541 Res
196 1475 387 1558 declarabit,
414 1479 451 1539 ut
474 1475 643 1560 cupierint.
687 1474 758 1539 Iam
782 1475 902 1540 dudum
925 1476 1011 1541 enim
1034 1476 1114 1541 mihi

64 1582 89 1623 1⁵
103 1565 240 1630 nimium
263 1564 403 1629 tenuiter
428 1561 610 1628 Siculorum
633 1583 712 1648 erga
743 1567 777 1627 te
808 1565 988 1629 voluntatis
1021 1586 1115 1650 argu·

104 1657 214 1719 menta
238 1652 393 1738 colligere
420 1651 530 1715 videor
560 1653 692 1733 [utrum
717 1655 844 1716 statuas
868 1652 1032 1717 voluerint
1053 1652 1116 1716 tibi

104 1746 247 1807 statuere
270 1763 313 1804 an
335 1740 439 1806 coacti
462 1739 551 1819 sint].

170 1830 219 1895 De
243 1851 307 1913 quo
330 1828 392 1893 hoo
414 1828 544 1892 homine
568 1826 714 1890 auditum
738 1830 788 1891 est
811 1848 979 1909 umquam,
1010 1827 1095 1910 quod
1119 1839 1169 1889 111

104 1918 166 1983 tibi
181 1918 306 2000 accidit,
328 1920 366 1981 ut
381 1916 448 1980 eius
467 1915 502 1980 in
519 1915 687 2000 provincia
710 1917 838 1978 statuae
859 1914 892 1978 in
912 1914 993 1978 locis
1011 1915 1116 1999 publi·

62 2024 90 2063 10
105 2006 151 2072 111
174 2007 313 2092 positae,
340 2004 462 2089 partim
486 2004 585 2068 etiarn
607 2003 642 2066 in
664 2003 797 2067 aedibus
821 2002 934 2085 sacris,
964 2024 1022 2087 per
1049 2002 1116 2067 vim

104 2099 139 2159 et
173 2117 232 2179 per
267 2094 452 2158 universam
488 2091 729 2156 multitudinem
771 2090 994 2156 deicerentur?
1052 2090 1117 2155 Tot

103 2183 253 2249 homines
266 2182 301 2247 in
314 2180 396 2246 Asia
409 2185 571 2263 nocentes,
585 2184 636 2244 tot
650 2179 684 2243 in
698 2178 818 2262 Africa,
832 2182 884 2242 tot
899 2179 934 2243 in
947 2177 1116 2262 Hispania,

104 2271 224 2355 Gallia,
247 2269 405 2352 Sardinia,
427 2271 479 2334 tot
501 2269 536 2332 in
557 2268 630 2351 ipsa
654 2265 764 2331 Sicilia
785 2267 929 2351 fuenmt3
953 2267 1116 2350 ecquo'de

103 2360 235 2425 homine
257 2358 320 2424 hoc
342 2380 498 2442 umquam
521 2355 712 2420 audivistis?
752 2353 883 2420 Novum
906 2359 965 2440 est,
987 2355 1116 2439 iudices,

59 2465 89 2506 ²⁵
103 2449 139 2512 in
173 2447 289 2512 Siculis
326 2446 456 2531 quidem
493 2448 526 2510 et
561 2445 596 2508 in
632 2444 781 2509 omnibus
815 2442 946 2509 Graecis
978 2445 1118 2508 monstri

104 2537 234 2601 simile..
273 2533 350 2600 Non
377 2535 539 2599 crederem
566 2532 629 2598 hoo
656 2533 694 2598 de
723 2532 855 2616 statuis,
885 2532 950 2597 nisi
981 2532 1117 2597 iacentis

103 2625 313 2709 revulsasque
349 2622 515 2706 vidissem,
551 2625 725 2707 propterea
761 2620 846 2704 quod
883 2620 969 2705 apud
1005 2642 1116 2685 omnes

104 2712 247 2778 Graecos
271 2713 324 2777 hic
347 2733 418 2776 mos
442 2713 500 2794 est,
522 2715 561 2774 ut
583 2709 740 2774 honorem
762 2708 948 2773 hominibus
967 2708 1117 2772 habitum

102 2802 140 2866 in
162 2799 381 2867 monumentis
405 2799 473 2864 eius
496 2798 585 2863 modi
606 2820 672 2862 non
693 2798 785 2862 nulla
807 2797 965 2882 religione
984 2796 1117 2859 deorum

55 2909 88 2949 ao
103 2889 288 2955 consecrari
311 2887 518 2953 arbitrentur.
555 2887 670 2970 Itaque
682 2883 812 2969 Rhodii,
835 2885 891 2968 qui
912 2905 1014 2968 prope
1037 2883 1170 2946 soli159

101 2978 229 3043 bellurn
255 2977 338 3041 illud
366 2975 510 3060 superius
539 2997 613 3040 oum
635 2973 825 3038 Mithridate
847 2992 923 3056 rege
947 2974 1118 3056 gesserunt

103 3087 281 3149 omnesque
312 3064 380 3128 eius
405 3063 514 3148 copias
538 3062 794 3145 acerrimumque
816 3061 975 3143 impetum
998 3058 1118 3123 moeni·

101 3155 182 3238 bus,
213 3153 365 3218 litoribus
398 3152 619 3234 classibusque
652 3150 719 3214 suis
756 3149 962 3233 exceperunt,
998 3150 1117 3230 tamen,

103 3265 180 3308 cum
209 3242 239 3306 ei
267 3241 337 3326 regi
364 3239 486 3304 inimici
513 3242 643 3324 praeter
670 3242 793 3303 ceteros
822 3239 943 3318 essent,
974 3239 1117 3299 statuam

54 3349 86 3391 as
103 3330 190 3414 eius,
212 3352 294 3414 quae
318 3332 389 3394 erat
412 3327 497 3412 apud
519 3328 609 3412 ipsos
632 3325 667 3390 in
690 3323 898 3390 celeberrimo
922 3322 1012 3387 urbis
1036 3324 1117 3407 loco,

100 3441 146 3484 ne
180 3423 251 3482 tum
284 3417 413 3502 quidem
442 3416 478 3481 in
508 3415 587 3499 ipsis
619 3413 709 3477 urbis
742 3412 893 3496 periculis
927 3412 1116 3498 attigerunt.

102 3506 156 3572 Ao
190 3506 331 3571 forsitan
366 3505 420 3568 vix
457 3503 626 3569 convenire
663 3501 838 3585 videretur,
878 3522 973 3585 quem
1009 3501 1116 3586 ipsum

160 3619 296 3660 crc.11.1.
870 3611 901 3657 11
