2576 3882
353 1015 399 1095 ld
428 1015 571 1092 TULLI
598 1017 845 1093 CICERONIS

118 1181 356 1269 noricus
388 1183 448 1268 ru
481 1181 523 1268 o.
556 1181 776 1270 vesunu
809 1148 1086 1270 secururs

445 1329 556 1384 LIBER
574 1329 763 1396 SECUNDUS

308 1435 368 1503 DE
392 1437 633 1504 PRAETURA
656 1437 896 1506 SICILIENSI.

211 1719 566 1788 ARGUMENTUM
588 1719 997 1789 PSEUDO-ASOONI.

165 1841 244 1898 Haec
263 1842 322 1898 sine
336 1842 422 1897 dubio
436 1842 475 1897 ad
488 1841 697 1897 accusationem
709 1841 848 1912 propositi
863 1841 985 1896 criminis
999 1844 1111 1914 spectat

94 1912 195 1968 oratio.
236 1911 311 1968 Nam
334 1912 476 1984 superiore
499 1913 565 1967 ante
588 1915 668 1967 actae
692 1929 737 1966 res
763 1914 828 1968 sunt
852 1912 1009 1982 expositae,
1036 1930 1109 1982 quae

95 1983 1108 2109 tittffitlttttdbitttstttttttsblitilde¹

94 2123 197 2193 rantis,
221 2140 292 2193 quac
315 2123 416 2180 Verres
435 2127 577 2193 quaestor,
600 2140 673 2192 quae
690 2140 742 2194 pro
760 2126 921 2192 quaestore,
940 2140 1012 2192 quae
1031 2125 1109 2195 lega-

94 2199 155 2263 tus,
183 2210 255 2263 quae
282 2193 402 2263 denique
432 2197 547 2266 praetor
573 2195 696 2250 urbanus
721 2194 874 2250 admiserit.
913 2194 968 2249 Ubi
993 2198 1110 2250 ventum

96 2266 141 2320 est
164 2265 201 2319 ad
224 2281 337 2320 causam
359 2265 451 2336 ipsam
477 2267 507 2320 et
529 2265 687 2321 Siciliensis
709 2265 838 2334 crimina,
866 2267 1000 2334 quattuor
1021 2265 1109 2321 libros

96 2335 199 2403 edidit,
224 2352 311 2390 unum
329 2336 364 2390 de
382 2335 451 2390 iuris
470 2336 604 2405 dictione,
628 2335 748 2390 alterurn
767 2337 800 2392 de
818 2335 971 2405 frumento,
993 2337 1110 2392 tertium

96 2407 131 2461 de
151 2405 248 2476 signis,
267 2407 398 2474 quartum
417 2407 451 2461 de
463 2406 624 2477 suppliciis,
642 2407 673 2460 iu
690 2423 746 2475 qua
759 2407 956 2462 distributione
969 2424 1027 2463 non
1039 2409 1109 2462 ordo

95 2478 241 2546 temporis,
260 2477 310 2533 sed
326 2477 483 2532 facinorum
501 2495 606 2548 genera
622 2479 652 2533 et
668 2479 812 2533 momente
829 2481 942 2534 servata
959 2481 1032 2534 sunt.
1064 2479 1110 2534 ln·

96 2687 201 2743 frustra
219 2690 333 2758 quidam
347 2687 509 2744 Ciceronem
526 2690 742 2761 reprehendunt,
760 2690 835 2758 quod
851 2707 910 2745 non
926 2689 992 2745 inde
1011 2706 1109 2762 coepe·

96 2759 142 2827 rit,
162 2776 225 2813 oum
244 2761 388 2841 superiora
406 2761 524 2815 crimina
541 2777 598 2815 non
615 2762 720 2831 egeant
736 2760 796 2815 eius
815 2761 892 2816 modi
909 2763 1042 2829 mactatu,
1060 2762 1109 2828 qui

96 2829 135 2883 ad
153 2832 301 2898 sequestra
318 2830 449 2900 pertinet,
468 2833 498 2886 et
516 2830 635 2886 oratoris
653 2830 771 2887 oonsilio
790 2848 807 2886 a
824 2832 935 2902 magnis
954 2830 1108 2899 iisdemque

95 2901 260 2956 clarioribus
289 2902 454 2956 sumendum
478 2905 552 2957 esset
579 2902 731 2958 exordium.
767 2901 864 2971 Itaque
882 2904 948 2972 post
965 2902 1019 2955 hoo
1036 2906 1055 2968 †
1074 2902 1108 2955 de

95 2971 222 3028 merodio
242 2971 380 3042 expressis
397 2973 551 3028 honoribus
571 2974 606 3028 ab
624 2972 728 3040 inuitis,
748 2973 783 3027 de
796 2969 928 3042 Epicrate
942 2971 1043 3026 Bidino
1061 2972 1108 3026 de·

95 3059 150 3110 que
168 3042 251 3097 rebus
268 3041 446 3113 capitalibus,
465 3044 500 3098 de
515 3042 643 3114 Sopatro,
663 3044 697 3098 de
712 3043 837 3110 Sthenio,
856 3043 890 3096 de
904 3043 964 3096 iure
979 3041 1108 3098 dicundo.

96 3113 226 3167 Alterum
244 3113 279 3168 dc
298 3113 482 3181 senatoribus,
502 3114 536 3169 de
555 3115 760 3182 sacerdotibus,
785 3114 820 3167 de
838 3113 999 3167 censoribus
1017 3112 1108 3182 pretio

96 3200 115 3238 a
132 3185 219 3239 Verre
237 3183 330 3251 factis,
349 3185 384 3240 de
403 3184 553 3240 collatione
571 3185 602 3240 in
621 3186 741 3252 statuas,
761 3183 795 3238 do
833 3183 1026 3238 ublioanorum
1044 3199 1109 3238 cunr

94 3255 184 3310 Verre
211 3255 408 3310 convenientia
433 3255 465 3310 in
490 3254 586 3324 furtis,
614 3257 648 3311 de
673 3255 778 3310 tabulis
826 3253 949 3324 arpinati
975 3254 1109 3325 pecunias

94 3325 192 3380 Verris
212 3325 449 3382 extraordinarias
475 3325 690 3382 continentibus.
728 3324 820 3380 Genus
843 3341 944 3382 causac
966 3324 997 3379 in
1019 3323 1108 3381 omni·

94 3395 336 3452 busVerrinarum
345 3397 425 3452 libris
438 3395 613 3451 admirabile.
633 3396 728 3451 Status
737 3394 932 3467 principaliter
939 3395 1108 3454 coniectura.

493 3559 706 3569 *-
