2504 3876
285 171 392 226 ΜΒΝ
425 171 624 227 Gamo-41
645 179 660 238 s
680 177 827 230 ror-roe.
1002 172 1066 237 467

55 317 215 401 poterone
230 314 374 380 animum
388 314 557 380 advertere
570 315 606 378 in
620 337 684 400 eos,
704 337 784 400 quos
800 316 885 382 dicto
900 316 1067 382 audientes

56 424 130 468 esse
157 403 252 488 iussi,
278 403 415 468 missum
442 402 548 468 facere
575 425 661 488 eum,
690 405 766 488 quoi
788 408 987 488 potestatem
1009 405 1068 470 im-

54 492 248 577 periumque
279 490 435 576 permisi?
472 493 627 576 poterone
659 513 714 556 eos
742 492 870 559 afficere
898 493 1068 596 supplicio,
1138 506 1141 514 ’

56 578 113 665 qui
142 577 336 646 Cleomenen
365 578 467 644 secuti
494 581 584 662 sunt,
610 579 777 666 ignoscere
805 578 984 667 Cleomeni,
1012 604 1068 666 qu1

24 686 167 735 esecum
189 667 303 754 fugere
325 670 359 732 et
381 687 417 732 ae
440 666 594 750 consequi
615 666 733 732 iussit?
761 671 917 752 poterone
940 691 1010 735 esse
1033 669 1069 734 in

57 778 115 909 323
132 754 400 928 {tutati
415 754 1068 927 ”diditatsilrtfflzzlttz‘tl

405 893 414 926 r
785 892 794 928 ν
1055 881 1068 892 “

56 931 166 997 buerit
179 934 380 998 constratam
393 953 510 996 navem
525 933 558 994 et
576 929 683 996 minus
703 931 922 997 exinanitam?
950 932 1068 998 Pereat

57 1018 247 1101 Cleomenes
270 1018 373 1086 'unul’
427 1016 493 1083 Ubi
510 1018 618 1103 tides,
653 1019 711 1084 ubi
743 1020 975 1105 execrationes,
1010 1020 1069 1084 ubi

13 1127 40 1168 ιο
57 1108 209 1174 dexterae
232 1108 482 1193 conplexusque,
504 1106 562 1171 ubi
583 1107 666 1172 illud
689 1108 934 1172 contubernium
956 1108 1067 1174 mulie·

57 1198 126 1262 bris
150 1196 288 1262 militiae
309 1196 345 1260 in
366 1195 425 1260 illo
449 1193 681 1260 delicatissimo
705 1195 822 1261 litore?
866 1195 953 1261 Fieri
974 1196 1066 1262 nullo

57 1285 155 1351 modo
173 1288 313 1370 poterat,
332 1282 411 1367 quin
424 1281 592 1348 Cleomeni
608 1287 805 1368 parceretur.
836 1283 943 1349 Vocat
958 1282 1049 1351 Cleo
1069 1296 1121 1348 105

57 1395 187 1458 menen,
224 1372 301 1437 dicit
333 1371 363 1436 ei
395 1387 443 1436 ss¹
467 1371 622 1437 stetisse
659 1370 803 1436 animum
836 1372 1003 1438 advertere
1032 1373 1069 1438 in

57 1461 163 1528 omnis
194 1459 391 1543 nauarchos3
421 1459 471 1525 ita
502 1459 553 1524 sui
583 1459 719 1544 periculi
744 1459 888 1526 rationes
916 1460 1001 1526 ferre
1029 1484 1068 1527 ao

12 1566 41 1609 rs
56 1549 234 1634 postulare.
275 1547 367 1613 ‘Tibi
393 1546 451 1611 uni
476 1568 608 1631 parcam
637 1551 671 1611 et
696 1547 806 1630 potius
833 1547 929 1613 istius
952 1551 1066 1633 culpae

57 1637 180 1702 crimen
227 1633 563 1721 vituperationemque
608 1634 845 1701 inconstantiae
891 1637 1066 1722 suscipiam

58 1745 156 1809 quam
175 1727 232 1789 aut
249 1724 285 1790 in
302 1726 336 1788 te
355 1721 417 1789 sim
435 1722 574 1788 crudelis
593 1726 650 1788 aut
672 1726 724 1787 tot
746 1727 815 1788 tam
839 1725 948 1809 gravis
971 1727 1067 1790 testis

57 1813 149 1878 vivos
176 1812 419 1897 incolumesque
447 1832 517 1876 esse
544 1809 673 1896 patiar?
698 1810 797 1896 ‘Agit
825 1811 949 1897 gratias
975 1811 1067 1878 Cleo-

58 1921 180 1984 menes,
212 1900 373 1985 adprobat
405 1898 588 1983 consilium,
621 1897 698 1963 dicit
729 1898 777 1963 ita
806 1899 877 1964 fieri
907 1904 1067 1986 oportere,

13 2008 43 2048 ao
58 1988 211 2054 admonet
237 1991 349 2053 tamen
370 1986 467 2071 illud,
494 1987 580 2070 quod
603 1988 703 2050 istum
725 1986 870 2072 fugerat,
893 1988 929 2053 in
951 1988 1067 2054 Phala-

58 2099 157 2161 crum,
171 2074 419 2160 Centuripinum
431 2074 641 2157 nauarchum,
653 2095 719 2139 non
733 2096 829 2158 posse
843 2075 1067 2162 animadverti,

57 2168 231 2251 propterea
268 2163 353 2248 quod
390 2184 498 2229 secum
534 2184 600 2228 una
634 2159 752 2226 fuisset
786 2162 821 2226 in
856 2163 1067 2249 Centuripina

59 2252 262 2338 quadriremi.
300 2251 384 2328 Quid
402 2250 502 2336 ergo?
525 2250 589 2315 iste
606 2249 705 2314 homo
725 2270 764 2314 ex
787 2249 854 2314 eius
878 2251 967 2316 modi
989 2253 1067 2318 civi-

57 2344 140 2424 tate,
164 2341 352 2406 adulescens
373 2338 611 2422 ncbilissimus,
633 2337 728 2402 testis
752 2337 975 2424 relinquetur?
1017 2339 1067 2406 ‘In

15 2448 43 2490 as
58 2427 267 2515 praesentia',
298 2427 405 2511 inquit
432 2424 635 2510 Cleomenes,
665 2425 834 2511 ‘quoniam
861 2427 910 2492 ita
935 2447 1067 2494 necesse

58 2521 121 2600 est3
145 2517 201 2582 sed
219 2518 296 2599 post
314 2513 437 2599 aliquid
454 2513 646 2599 videbimus,
667 2535 709 2579 ne
731 2513 794 2580 iste
816 2514 911 2581 nobis
935 2520 1067 2602 opstare

81 2604 183 2671 essit'

57 2629 79 2691 p
123 2691 214 2758 Haec
226 2694 442 2778 posteaquam
457 2693 531 2755 acta
549 2693 582 2754 ct
601 2690 780 2757 constituta
798 2695 883 2776 sunt,
901 2693 1048 2776 procedit
1068 2653 1119 2780 {iq}

57 2781 119 2846 iste
133 2783 265 2865 repente
277 2799 294 2845 e
308 2778 471 2863 praetorio
485 2778 706 2844 inflammatus
720 2778 849 2863 scelere,
861 2778 981 2864 furore,
997 2801 1066 2845 cru-

14 2888 45 2932 so
58 2869 205 2952 delitate3
222 2868 377 2934 inferum
391 2867 490 2950 venit,
507 2867 689 2932 nauarchos
705 2866 821 2948 [adse]
839 2868 949 2932 vocari
966 2867 1066 2934 iubet.

58 2957 119 3034 Qui
136 2956 220 3022 nihil
239 2959 429 3039 metuerent,
451 2954 535 3020 nihil
554 2955 805 3040 suspicarentur,
828 2954 942 3019 statim
960 2977 1065 3021 accur-

58 3050 141 3112 runt.
173 3045 241 3111 Iste
254 3043 441 3109 hominibus
457 3043 584 3107 miseris
598 3041 824 3107 innocentibus
837 3041 915 3106 inici
934 3046 1065 3108 catenas

57 3135 205 3289 {titt
226 3129 494 3286 diffidi
517 3128 951 3283 qqgmhggaffiuffip
967 3132 1065 3284 'iil

16 3272 193 3377 esclasseni
221 3241 439 3394 pragedonibus
462 3305 688 3392 prodidissent.
716 3303 784 3369 ,Fit
804 3240 999 3385 ,clamor'ecq
1008 3307 1063 3371 ad-

57 3398 186 3464 miratio
219 3395 333 3482 populi
364 3397 492 3459 tantam
525 3415 594 3459 esse
621 3393 657 3458 in
682 3392 813 3459 homine
839 3393 1071 3478 inpudentiam·

59 3491 154 3573 atque
182 3485 363 3570 audaciam,
390 3487 428 3548 ut
456 3487 512 3548 aut
538 3483 611 3548 aliis
635 3500 772 3558 causam
789 3482 986 3548 calamitatis
1010 3483 1063 3547 ad-

793 3585 849 3639 30*
