2604 3880
463 196 540 253 cnP.
563 205 604 267 ιτ,
621 205 653 255 re
672 204 687 265 e
702 204 815 257 ⁶1-oc.
1078 200 1141 266 139

131 341 354 408 diuturnitatis
374 343 512 408 adducta
531 343 586 426 sit3
605 364 672 409 non
689 343 902 429 committam,
919 348 957 409 ut
975 348 1045 410 tum
1063 344 1143 410 haec

130 452 181 495 res
199 431 368 515 iudicetur,
387 453 460 496 cum
478 431 558 496 haec
575 431 759 516 frequentia
782 433 883 498 totius
902 431 1019 498 Italiae
1036 432 1143 499 Roma

131 519 323 603 discesserit,
347 541 429 603 quae
452 519 604 585 convenit
625 541 690 586 uno
713 524 860 605 tempore
882 521 1023 604 undique
1046 522 1143 586 comi-

130 607 265 692 tiorum,
288 606 440 672 ludorum
462 607 675 692 censendique
697 630 804 673 causa.
849 607 955 673 Huius
977 609 1088 674 iudicii
1110 614 1143 674 et

103 695 238 761 alaudis
260 694 402 760 fructum
420 699 454 760 et
473 695 659 761 offensionis
676 697 857 780 periculum
874 701 1028 781 vestrum,
1051 696 1143 762 labo-

7 735 12 846 i
130 805 198 848 rem
213 782 529 867 sollicitudinemque
547 787 704 868 nostram,
723 784 901 869 scientiam,
920 785 997 868 quid
1016 789 1143 870 agatur,

131 871 399 956 memoriamque,
432 872 509 956 quid
541 894 561 936 a
593 893 720 955 quoque
753 871 874 936 dictum
907 873 963 955 sit,
997 873 1142 938 omnium

130 963 209 1045 puto
234 981 304 1024 esse
328 964 486 1044 oportere.
531 957 662 1024 Faciam
685 959 748 1025 hoc
769 981 837 1025 non
857 982 990 1044 novum,
1021 960 1077 1025 sed
1100 961 1142 1025 ab
1161 972 1195 1022 oo

130 1048 183 1132 iis,
215 1048 272 1132 qui
303 1070 388 1113 nunc
419 1047 581 1132 principes
612 1051 744 1112 nostrae
774 1047 917 1113 civitatis
945 1052 1033 1133 sunt,
1066 1051 1142 1114 ante

7 1197 9 1204 .
89 1158 118 1198 ιο
131 1137 266 1221 factum,
294 1140 333 1201 nt
358 1135 497 1201 testibus
525 1139 599 1200 utar
627 1136 754 1219 statim3
781 1136 864 1201 illud
891 1159 911 1201 a
938 1158 990 1201 me
1012 1157 1142 1220 norum,

130 1224 264 1308 iudices,
297 1223 513 1309 cognoscetis,
546 1222 631 1308 quod
658 1223 706 1289 ita
735 1228 836 1289 testes
864 1225 1074 1308 constituam,
1105 1229 1142 1290 ut

131 1313 253 1378 crimen
278 1315 386 1377 totum
409 1311 579 1395 explicem,
606 1310 663 1376 nbi
689 1311 723 1376 id
750 1312 1022 1399 [interroganda]
1046 1334 1142 1397 argu-

130 1400 249 1465 mentis
268 1404 366 1484 atque
385 1399 532 1465 oratione
550 1400 731 1483 firmavero,
751 1404 823 1464 tum
841 1404 941 1466 testes
961 1401 1002 1466 ad
1020 1401 1143 1466 crimen

132 1488 380 1567 accommodem,
402 1491 440 1552 ut
462 1487 544 1551 nihil
568 1487 653 1552 inter
675 1488 769 1552 illam
791 1489 949 1554 usitatam
967 1490 1142 1555 accusatio-

89 1597 117 1639 ιε
130 1598 205 1642 nem
224 1579 321 1660 atque
341 1576 425 1642 hanc
442 1597 562 1640 novam
579 1575 718 1658 intersit,
740 1575 805 1639 nisi
823 1577 909 1659 quod
927 1578 962 1641 in
979 1577 1038 1642 illa
1061 1581 1142 1663 tum,

130 1687 203 1730 cum
226 1664 336 1729 omnia
359 1664 446 1729 dicta
468 1667 558 1746 aunt,
580 1665 682 1727 testes
707 1663 838 1747 dantur,
860 1664 915 1729 hic
936 1665 971 1727 in
995 1666 1142 1750 singulas

130 1766 181 1818 res
216 1752 392 1836 dabuntur,
428 1755 466 1816 ut
501 1751 568 1815 illis
607 1771 733 1834 quoque
770 1751 882 1816 eadem
917 1751 1142 1836 interrogandi

129 1840 283 1924 facultas,
313 1839 562 1926 argumentandi
590 1837 776 1922 dicendique
805 1838 857 1902 sit.
908 1836 943 1902 si
970 1840 1042 1922 quis
1070 1840 1141 1924 erit,

131 1928 187 2012 qui
214 1932 405 2014 perpetuam
433 1927 615 1992 orationem
642 1925 944 2010 accusationemque
974 1926 1142 2010 desideret,

89 2037 118 2078 ao
131 2018 236 2082 altera
250 2017 376 2082 actione
390 2016 511 2098 audiet3
525 2013 665 2098 nuncid,
679 2014 765 2098 quod
773 2013 920 2098 facimus,
933 2016 1009 2080 stea
1016 2016 1142 2080 ratione

130 2105 281 2189 facimus,
308 2108 345 2168 ut
373 2104 518 2170 malitiae
546 2103 678 2167 illorum
702 2103 837 2168 consilio
859 2107 973 2168 nostro
998 2125 1141 2168 occurra

131 2215 212 2277 mus,
234 2193 416 2258 necessario
439 2191 510 2255 fieri
534 2191 715 2276 intellegat.
751 2190 840 2257 Haec
860 2192 985 2277 primae
1004 2192 1141 2257 actionis
1159 2201 1195 2252 oe

89 2359 92 2364 Δ
131 2282 193 2345 erit
217 2281 388 2346 accusatio.
424 2279 570 2345 Dicimus
594 2278 628 2345 Ο.
646 2278 791 2364 Verrem,
814 2303 887 2345 cum
910 2281 1014 2346 multa
1037 2280 1142 2344 libidi-

131 2390 219 2452 nose,
241 2369 345 2434 multa
368 2367 541 2433 crudeliter
562 2368 596 2432 in
619 2367 704 2432 cives
726 2367 892 2434 Romanos
912 2373 1009 2453 atque
1028 2369 1142 2453 socios,

91 2475 119 2518 as
133 2457 238 2522 multa
263 2457 299 2521 in
326 2457 403 2522 deos
429 2455 641 2538 hominesque
662 2454 786 2520 nefarie
807 2456 933 2541 fecerit,
958 2461 1029 2522 tum
1051 2479 1142 2541 prae

7 2563 8 2566 ’
131 2551 222 2610 terea
236 2544 522 2630 quadringentiens
537 2541 724 2608 sestertium
738 2565 776 2606 cx
791 2540 901 2609 Sicilia
920 2548 1034 2610 contra
1051 2545 1141 2631 leges

132 2633 316 2698 abstulisse.
361 2631 433 2697 Hoc
460 2631 614 2715 testibuS,
642 2629 705 2695 hoc
732 2631 854 2695 tabulis
876 2632 1014 2716 privatis
1037 2633 1142 2716 publi·

132 2722 241 2805 cisque
269 2720 519 2786 auctoritatibus
546 2719 595 2783 ita
621 2718 715 2783 vohis
742 2718 876 2802 planum
902 2719 1072 2801 faciemus,
1104 2725 1141 2784 ut

130 2808 193 2874 hoc
225 2809 393 2891 statuatis,
425 2807 554 2872 etiamsi
586 2806 729 2890 spatium
763 2805 803 2870 ad
831 2806 999 2872 dicendum
1026 2811 1139 2871 nostro

92 2897 301 2963 accommodo
320 2916 503 2981 vacuosque
522 2894 590 2959 dies
608 2893 844 2978 habuissemus,
866 2898 976 2960 tamen
994 2895 1141 2960 oratione

131 2985 231 3071 longa
253 2984 337 3049 nihil
361 3006 442 3070 opus
464 2983 573 3047 fuisse.
618 2981 704 3046 Dixi.

533 3231 745 3242 ..—
