2524 3876
366 163 441 219 cAP.
461 170 567 220 so-se
586 170 601 231 e
623 171 768 220 res-151.
1037 164 1078 230 79

59 332 127 377 uon
155 331 234 375 sane
261 313 300 374 ut
322 308 459 374 moleste
480 308 566 374 ferre
589 309 768 376 adversarii
792 309 944 393 debeant,
971 332 1078 395 neque

58 402 99 464 ut
121 419 157 463 se
180 397 330 483 potentie
353 397 499 481 superari
520 400 647 482 putent.
693 398 782 474 Quae
806 398 894 463 domi
918 398 1060 486 gerenda
1081 418 1131 469 149

59 490 152 571 sunt,
186 509 224 551 ea
250 509 309 571 per
336 484 512 552 Caeciliam
539 486 779 572 transiguntur,
808 485 875 552 fori
905 487 1078 573 iudiciique

58 575 224 640 rationem
256 575 304 640 M.
327 573 497 657 Messalla,
529 579 566 640 ut
593 575 724 659 videtis,
755 574 890 660 iudices,
922 576 1078 662 suscepit3

30 663 118 748 aqui
142 663 170 728 si
191 663 259 728 iam
283 662 363 727 setis
387 663 506 728 aetatis
531 685 569 729 ac
590 663 718 728 roboris
741 662 890 748 haberet,
919 664 990 748 ipse
1019 685 1078 749 pro

58 751 135 817 Sex.
148 750 267 817 Roscio
287 750 420 836 diceret3
441 751 595 837 quoniam
609 751 650 816 ad
664 750 832 817 dicendum
845 751 1078 836 impedimento

59 844 113 906 est
141 842 232 904 aetas
256 842 290 904 et
310 840 428 924 pudor,
456 840 513 925 qui
536 844 631 905 ornat
654 843 812 922 aetatem,
838 861 969 904 causam
997 841 1078 906 mihi

57 927 212 1011 tradidit,
240 949 335 1012 quem
359 950 418 992 sua
441 950 539 993 causa
562 949 677 1013 cupere
707 950 744 994 ac
767 928 882 993 debere
907 929 1079 1016 intellege-

58 1018 133 1098 bat,
161 1016 232 1099 ipse
259 1015 464 1100 assiduitate,
491 1016 641 1101 consilio,
669 1015 877 1101 auctoritate,
909 1016 1079 1102 diligentia

17 1134 44 1173 ιο
57 1104 207 1190 perfecit,
224 1107 263 1170 ut
277 1100 348 1168 Sex.
361 1103 460 1170 Rosci
474 1104 544 1170 vita
562 1108 674 1188 erepta
692 1104 731 1169 do
751 1104 901 1169 manibus
916 1110 1079 1171 sectorum

59 1192 234 1260 sententiis
262 1191 404 1259 iudicum
435 1193 689 1278 permitteretur.
739 1192 916 1278 Nimirum,
948 1193 1079 1278 iudices,

58 1304 122 1366 pro
154 1281 217 1346 hac
247 1280 422 1346 nobilitato
453 1303 530 1365 pars
558 1281 700 1346 maxime
732 1281 876 1348 civitatis
912 1282 947 1345 in
979 1281 1079 1346 armis

57 1370 139 1454 fuie3
162 1368 244 1435 haec
266 1373 339 1434 acta
360 1391 414 1434 res
437 1373 497 1453 est,
519 1372 557 1434 ut
578 1369 604 1433 ii
625 1369 751 1434 nobiles
774 1369 1023 1435 restituerentur
1044 1370 1081 1435 in

58 1459 244 1542 civitatem,
279 1457 334 1542 qui
366 1458 429 1523 hoe
454 1457 612 1542 fecerent,
644 1457 730 1542 quod
755 1456 863 1523 facere
889 1458 1081 1524 Messallam

16 1574 43 1617 ra
58 1547 191 1630 videtis,
215 1545 271 1631 qui
294 1550 391 1629 eaput
413 1545 595 1611 innocentis
619 1544 837 1630 defenderent,
863 1546 919 1631 qui
940 1547 1079 1612 iniuriae

57 1635 269 1718 resisterent,
297 1633 366 1719 qui,
392 1638 551 1718 quantum
578 1637 727 1718 possent,
756 1634 792 1698 in
814 1635 920 1699 salute
944 1635 1079 1700 alterius

58 1746 163 1810 quam
196 1721 232 1787 in
263 1722 362 1788 exitio
394 1723 532 1788 mallent
559 1723 742 1807 ostendere;
775 1722 861 1807 quod
894 1722 922 1786 si
957 1744 1080 1806 omnes,

57 1811 120 1896 qui
143 1811 256 1876 ecdem
278 1811 351 1876 loco
372 1811 444 1876 nati
468 1815 556 1894 sunt,
577 1810 731 1895 facerent,
755 1814 788 1875 et
810 1832 861 1875 res
885 1810 1018 1894 publice
1041 1832 1080 1874 ex

56 1899 131 1965 illis
156 1901 190 1964 et
211 1898 276 1984 ipsi
298 1920 337 1963 ex
360 1899 482 1965 invidie
504 1899 611 1964 minus
634 1899 832 1965 laborarent.
995 1959 1005 1966 ,

10 2018 42 2058 20
128 1985 254 2052 Verum
273 1987 301 2052 si
319 2009 339 2051 a
360 1985 584 2072 Chrysogono,
601 1986 732 2071 iudices,
754 2008 821 2052 non
837 1986 1061 2072 impetramus,
1083 1965 1133 2091 155}

55 2081 100 2143 ut
126 2075 265 2161 pecunia
290 2078 404 2140 nostra
432 2078 602 2140 contentus
631 2075 689 2159 sit,
718 2075 820 2140 vitam
847 2097 889 2139 ne
917 2078 1024 2160 petat,
1051 2075 1081 2140 si

55 2165 119 2231 ille
144 2163 260 2230 adduci
281 2184 347 2228 non
368 2166 490 2248 potest,
512 2167 558 2246 ut,
581 2185 654 2229 cum
675 2162 832 2228 ademerit
850 2163 945 2228 nobis
961 2163 1081 2248 omnia,

58 2275 147 2340 quae
174 2254 289 2317 nostra
316 2255 410 2316 erant
441 2252 588 2336 propria,
616 2273 657 2316 ne
690 2252 795 2318 lucem
827 2273 954 2337 quoque
986 2251 1080 2334 hanc,

57 2363 147 2427 quae
171 2341 351 2406 communis
375 2343 433 2424 est,
457 2340 581 2425 eripere
603 2339 723 2424 cupiat,
746 2339 774 2404 si
794 2361 860 2405 non
879 2339 960 2405 satis
978 2340 1081 2405 habet

12 2455 43 2494 ss
58 2429 242 2497 avaritiam
264 2450 357 2493 suam
376 2427 513 2512 pecunia
531 2428 669 2512 explere,
691 2427 756 2492 uisi
775 2429 876 2493 etiam
895 2428 1081 2494 crudelitati

57 2519 200 2605 sanguis
222 2517 389 2601 praebitus
413 2517 470 2602 sit,
499 2538 599 2582 unum
626 2515 826 2601 perfugium,
853 2515 988 2602 iudices,
1016 2539 1082 2582 una

58 2629 139 2691 spes
163 2605 290 2690 reliqua
313 2608 363 2670 est
386 2602 456 2670 Sex.
475 2604 603 2689 Roscio,
626 2603 737 2670 eadem
757 2626 839 2690 quae
857 2605 905 2670 rei
922 2605 1081 2690 publicae,

57 2699 176 2762 vestra
216 2692 357 2778 pristina
396 2693 528 2759 bonitas
570 2696 604 2758 et
639 2691 868 2758 misericordia.
927 2693 1016 2770 Quae
1054 2693 1082 2757 si
1187 2711 1190 2718 ’

57 2786 186 2864 manet,
205 2781 288 2846 salvi
311 2781 409 2846 etiem
432 2803 518 2846 nunc
540 2802 610 2846 esse
632 2801 820 2866 possumus,
839 2781 890 2846 sin
913 2803 951 2846 ea
974 2781 1082 2846 crude-

7 2900 43 2940 so
57 2872 157 2955 litas,
190 2891 273 2954 quae
300 2869 362 2935 hoc
388 2873 535 2953 tempore
564 2869 599 2933 in
629 2890 665 2933 re
697 2869 829 2954 publice
860 2873 990 2936 versata
1023 2872 1082 2953 est,

56 2962 192 3026 vestros
220 2979 348 3042 quoque
381 2958 506 3023 animos
539 2955 586 3042 (id
618 2957 703 3041 quod
734 2958 805 3023 fieri
835 2956 982 3044 profecto
1015 2978 1082 3021 non

56 3045 189 3135 potest)
221 3045 368 3112 duriores
406 3045 650 3131 acerbioresque
686 3044 839 3130 reddidit,
876 3048 985 3110 actum
1022 3047 1081 3127 est,

56 3137 199 3220 iudices;
227 3136 314 3200 inter
340 3134 427 3201 feras
456 3135 558 3202 satius
586 3138 637 3200 est
667 3137 810 3200 aetatem
836 3132 953 3218 degere
983 3153 1081 3217 quam

57 3228 96 3290 in
125 3224 190 3291 hac
221 3226 316 3288 tanta
346 3222 551 3288 immanitate
582 3223 714 3290 versari.
764 3221 818 3287 Ad
849 3241 962 3285 eamne
995 3241 1062 3285 rem
1085 3238 1133 3288 151

7 3340 44 3384 ss
57 3335 120 3380 vos
144 3312 307 3379 reservati
330 3312 418 3397 estis,
441 3310 483 3376 ad
506 3333 618 3378 eamne
640 3333 710 3376 rem
729 3309 855 3394 delecti,
878 3311 917 3374 ut
935 3329 990 3374 eos
1010 3330 1082 3374 eon·

58 3401 278 3485 damnaretis,
315 3422 395 3485 quos
432 3404 573 3466 sectores
610 3421 648 3465 ac
684 3399 793 3464 sicarii
829 3398 980 3485 iugulare
1015 3417 1083 3462 non

55 3489 274 3578 potuissent?
336 3485 449 3570 Solent
489 3489 552 3555 hoo
592 3487 671 3554 boni
710 3487 924 3572 imperatores
967 3487 1083 3560 facere,
