2600 3878
355 218 423 274 LlB.
441 218 482 272 Ill
514 218 589 274 CAP.
610 224 713 274 71-73
732 227 747 286 ξ
768 225 915 275 167-171.
1077 219 1143 284 339

132 364 221 430 canis
234 363 367 430 faenore
381 369 556 449 acceptam,
573 364 637 428 hoc
650 364 779 429 licuisse
796 365 947 449 cuiquam
965 363 1143 448 probabis?

133 475 197 537 quo
221 475 289 518 non
311 452 407 518 modo
431 453 543 536 ceteri,
570 453 625 516 sed
648 455 684 516 tu
709 452 779 536 ipse
801 453 884 517 nihil
908 453 1059 518 audacius
1082 453 1143 517 im-

132 540 458 627 probiusquefccisti.
490 541 567 607 Non
581 541 779 606 mehercules
797 541 867 624 hoc,
888 541 974 626 quod
992 535 1142 606 omnibus
1182 573 1185 579 ·

133 630 299 715 singulare
316 629 453 714 videtur,
476 630 515 694 de
534 651 598 714 quo
617 629 698 693 mihi
720 629 868 714 deinceps
892 630 1062 695 dicendum
1084 633 1143 714 est,

105 737 275 803 opossum,
296 718 427 802 iudices,
451 718 555 782 dicere
578 717 730 783 audacius
753 739 823 782 esse
847 721 904 782 aut
925 716 1144 802 inpudentius,

134 806 220 890 quod
246 807 418 891 permultis
447 806 634 873 civitatibus
662 828 721 891 pro
747 805 911 871 frumento
937 806 1020 870 nihil
1043 807 1144 872 solvit

134 894 279 978 omnino,
312 895 416 960 maior
442 895 523 960 haec
549 893 671 980 praeda
696 894 850 978 fortasse,
881 894 937 959 sed
964 894 1023 958 illa
1049 895 1143 978 inpu-

134 982 244 1047 dentia
271 986 357 1048 certe
383 1006 450 1049 non
474 984 588 1048 minor.
632 982 678 1047 Et
701 983 854 1067 quoniam
877 983 916 1047 de
938 982 998 1047 illa
1019 982 1125 1046 faenc
1146 996 1199 1046 170

134 1071 260 1136 ratione
290 1071 371 1135 satis
400 1071 521 1138 dictum
548 1076 612 1154 est,
642 1093 728 1136 nunc
756 1071 794 1136 de
820 1072 882 1136 hac
909 1074 982 1136 tota
1007 1071 1143 1156 pecunia

95 1178 120 1216 1⁰
135 1180 264 1243 aversa,
287 1181 420 1244 quaeso,
443 1161 638 1246 cognoscite.

202 1245 332 1313 Siciliae
369 1248 518 1313 civitates
555 1250 678 1313 multae
712 1252 802 1333 sunt,
837 1247 972 1331 iudices,
1009 1244 1197 1312 ornatae'l3
1282 1279 1285 1285 ·

134 1339 232 1421 atque
259 1336 428 1420 honestae,
456 1359 495 1402 ex
522 1337 640 1421 quibus
666 1337 702 1401 in
728 1336 843 1421 primis
869 1336 1068 1401 numeranda
1094 1340 1144 1401 est

134 1425 250 1490 civitas
272 1424 464 1509 Halaesina3
490 1425 616 1491 nullam
644 1425 731 1488 enim
755 1424 924 1509 reperietis
947 1427 1004 1489 aut
1027 1424 1144 1489 officiis

133 1513 314 1578 fideliorem
350 1517 407 1578 aut
443 1513 545 1598 copiis
581 1513 828 1597 locupletiorem
861 1516 918 1577 aut
950 1513 1144 1578 auctoritate

94 1617 121 1658 15
136 1602 328 1686 graviorem.
378 1600 463 1666 Huic
493 1601 557 1664 iste
587 1601 622 1664 in
650 1623 751 1665 annos
780 1601 927 1686 singulos
955 1623 1028 1666 cum
1056 1623 1145 1666 sexa·

137 1710 221 1774 gena
252 1689 345 1754 milia
375 1688 478 1753 tritici
503 1687 650 1752 modium
676 1689 915 1774 imperavisset,
946 1712 1006 1774 pro
1034 1690 1144 1755 tritico

135 1799 286 1842 nummos
305 1776 453 1858 abstulit,
476 1776 590 1860 quanti
608 1780 679 1840 erat
698 1777 734 1840 in
752 1774 863 1842 Sicilia
884 1778 1039 1862 triticum,
1063 1800 1144 1862 quos

137 1865 176 1930 de
205 1865 337 1950 publico
365 1886 516 1930 nummos
546 1867 728 1948 acceperat,
760 1865 895 1930 retinuit
923 1867 1036 1931 omnis.
1082 1865 1143 1931 Ob·

137 1953 247 2038 stipui,
265 1953 395 2037 iudices,
413 1975 486 2018 cum
502 1953 565 2018 hoc
582 1952 664 2016 mihi
681 1951 821 2036 primum
836 1952 998 2019 Halaesae
1017 1954 1145 2020 demon·

1 2113 2 2129 ,
95 2061 122 2100 10
137 2042 256 2107 stravit
273 2041 308 2105 in
326 2045 442 2106 senatu
459 2040 711 2106 Halaesinorum
733 2040 831 2105 homo
855 2064 981 2108 summo
1003 2043 1145 2128 ingenio,

136 2152 264 2195 summa
278 2129 460 2215 prudentia,
478 2151 606 2194 summa
623 2128 818 2194 auctoritate
835 2130 1010 2215 praeditus,
1028 2130 1145 2197 Halae

137 2219 225 2283 sinus
251 2217 392 2302 Aeneas,
419 2218 471 2283 cui
497 2221 629 2283 senatus
657 2217 788 2282 dederat
813 2218 977 2301 publicam
1005 2241 1145 2302 oausam,

136 2311 173 2372 ut
199 2307 282 2372 mihi
307 2307 466 2390 fratrique
494 2328 566 2372 meo
594 2306 719 2392 gratias
747 2310 873 2391 ageret,
903 2310 936 2371 et
964 2307 1061 2372 simul
1090 2309 1144 2393 qui

135 2395 196 2460 nos
224 2417 274 2479 ea,
303 2417 385 2479 quac
408 2395 450 2459 ad
471 2394 624 2460 iudicium
647 2395 859 2479 pertinerent,
883 2393 1020 2460 doceret.
1064 2396 1196 2462 111-171

95 2500 122 2542 11
137 2483 334 2549 monstravit
368 2483 453 2548 hanc
487 2483 583 2547 istius
619 2483 885 2548 consuetudinem
915 2505 952 2548 ac
983 2484 1144 2550 rationem

135 2570 249 2636 fuisse:
273 2571 359 2655 quod
377 2571 482 2636 omnis
500 2571 656 2636 frumenti
674 2571 767 2656 copia
786 2570 992 2637 decumarum
1013 2573 1144 2637 nomine

137 2681 235 2746 penes
248 2658 350 2725 istum
364 2663 450 2725 esset
463 2660 603 2743 redacta,
622 2659 756 2724 solitum
770 2681 840 2724 csse
856 2660 956 2725 istum
974 2661 1143 2745 pecuniam

135 2770 295 2902 fifth
317 2747 1144 2901 111111111Ἒ111111111(11ῐὲ1·

808 2885 817 2918 7

97 2942 124 2983 ³⁰
138 2929 275 3010 quaestu
309 2947 347 2990 ac
381 2924 419 2988 de
451 2946 510 2989 sua
542 2925 636 3009 copia
665 2923 821 2987 frumenti
853 2924 991 2987 mittere.
1040 2923 1143 2988 Posco

137 3014 289 3097 rationes,
310 3011 447 3097 inspicio
466 3012 602 3095 litteras,
625 3011 719 3078 video
741 3010 896 3075 frumenti
919 3032 1058 3096 granum
1078 3010 1143 3077 Ha·

137 3102 291 3185 icasmos,
327 3101 444 3185 quibus
481 3122 643 3186 sexagena
677 3099 770 3164 milia
804 3099 947 3164 modium
983 3099 1144 3182 imperata

4 3209 6 3224 ’
137 3194 239 3275 erant,
260 3189 388 3254 nullum
411 3188 544 3273 dedisse,
566 3187 735 3273 pecuniam
753 3186 914 3272 Volcatio,
937 3186 1144 3272 Timarchidi,

17 3315 23 3328 ·
138 3279 262 3345 scribae
294 3277 432 3361 dedisse,
463 3276 588 3362 reperio
621 3297 721 3363 genus
753 3275 848 3341 huius
881 3275 981 3359 modi,
1013 3276 1143 3360 iudices,

98 3385 123 3424 ³⁵
137 3367 288 3453 praedae,
319 3370 357 3430 ut
387 3369 533 3450 praetor,
564 3364 620 3449 qui
650 3365 850 3429 frumentum
882 3385 986 3430 1111111
1019 3365 1142 3448 debeat,

136 3477 203 3520 non
221 3458 320 3538 emat,
343 3454 400 3518 sed
422 3454 554 3537 vendat,
576 3453 742 3537 pecunias,
766 3475 846 3537 quas
869 3453 1056 3519 civitatibus
1079 3453 1142 3518 dis·

137 3543 279 3608 tribuere
317 3542 445 3626 debeat,
481 3563 535 3606 eas
572 3562 683 3606 omnes
719 3545 846 3606 avertat
878 3545 975 3627 atque
1008 3541 1142 3608 auferat.

874 3644 929 3699 22*
975 3691 977 3694 .
1043 3639 1048 3648 ’
