2524 3876
260 177 332 233 PRO
351 177 382 244 O
400 177 530 234 ROSCIO
549 179 722 235 COMOEDO
740 179 885 236 ORATIO.
1039 183 1078 246 81

64 345 107 388 ex
135 323 282 407 civitate,
309 323 442 408 iudices,
469 324 554 390 hanc
581 325 651 410 peti
678 324 781 390 nolite
810 325 930 391 diutius
958 326 993 392 in
1019 328 1081 393 hac

62 432 103 476 re
131 411 264 495 publica
289 411 427 496 versari3
456 434 538 497 quae
567 434 634 478 non
665 413 761 478 modo
784 412 818 478 id
848 415 950 480 habet
980 413 1015 480 in
1047 438 1081 481 se

62 499 158 584 mali,
182 499 267 583 quod
284 502 338 565 tot
356 499 440 566 cives
460 500 662 566 atrocissime
681 502 822 586 sustulit,
845 524 958 568 rerum
982 503 1082 570 etiam

61 586 255 653 hominibus
283 588 456 653 lenissimis
485 589 607 654 ademit
635 589 890 656 misericordiam
913 597 1082 658 consuetu·

29 676 144 740 edine
170 677 458 743 incommodorum.
502 675 590 742 Nam
617 699 691 744 cum
721 678 870 744 omnibus
902 679 991 745 horis
1024 680 1081 746 ali·

62 764 148 848 quid
175 765 330 830 atrociter
356 764 427 830 lieri
453 765 598 832 videmus
626 769 684 831 aut
710 766 871 850 audimus,
899 768 997 833 etiam
1025 769 1081 853 qui

59 857 188 918 natura
209 853 377 918 mitissimi
400 876 525 937 snmus,
549 853 740 920 assiduitate
764 854 988 920 molestiarum
1011 878 1080 922 sen·

62 964 141 1006 sum
165 963 294 1008 omnem
317 941 530 1007 humanitatis
554 964 593 1008 ex
616 943 734 1008 animis
757 943 948 1009 amittimus.

470 1185 680 1199 ——nn—-n—-d

326 1421 374 1494 M.
403 1419 547 1496 TULLI
574 1419 823 1496 OIORRONIS

112 1585 219 1670 PRO
252 1583 296 1688 O.
329 1582 514 1672 ROSOIO
547 1584 794 1672 OOMORDO
825 1587 1031 1674 ORATIO.

392 1823 755 1892 ARGUMENTUM.

120 1944 152 2000 O.
170 1943 295 1998 Fannius
313 1941 437 2000 Chaerea
460 1944 492 2010 Q.
510 1945 613 2001 Roscio
638 1944 771 2001 comoedo
790 1944 951 2016 Panurgum
969 1961 1080 2001 servum

62 2034 152 2072 snum
172 2013 329 2069 tradiderat
351 2015 404 2069 hac
426 2016 502 2086 lege,
525 2019 569 2084 ut,
598 2015 623 2071 si
644 2015 725 2070 illum
748 2016 809 2070 arte
830 2015 997 2072 histrionice
1018 2033 1079 2072 eru·

62 2086 195 2154 divisset,
213 2088 345 2154 quaestus
365 2086 520 2142 eommunis
538 2090 619 2142 esset
656 2085 809 2154 Aliquanto
832 2090 898 2158 post
915 2087 946 2154 O.
965 2087 1080 2144 Flavius

62 2155 280 2226 Tarquiniensis
308 2153 423 2224 quidam
454 2174 565 2212 servum
592 2173 768 2213 communem
793 2157 852 2214 iam
879 2157 1019 2214 eruditum
1046 2176 1080 2214 aa

61 2227 225 2299 perfectum
251 2224 363 2282 occidit.
405 2226 436 2292 Q.
464 2227 593 2284 Flavium
616 2227 648 2293 Q.
673 2226 790 2283 Roscius
817 2228 922 2284 iudicio
949 2229 1081 2311 persequi

62 2317 132 2353 cum
154 2299 251 2367 vellet,
276 2297 450 2368 cognitorem
472 2297 503 2352 in
526 2315 589 2354 eam
610 2315 670 2355 rem
689 2298 717 2354 O.
737 2298 875 2355 Fannium
893 2300 980 2356 dedrt.
1017 2301 1080 2357 Lite

62 2371 239 2437 contestata,
270 2367 376 2423 iudicio
405 2369 501 2424 damni
527 2369 631 2424 iniuria
657 2387 675 2426 a
702 2369 801 2426 Flavio
833 2370 895 2428 deti
925 2371 1080 2427 constituto

61 2439 175 2496 decidit
192 2457 256 2496 cum
273 2439 372 2494 Flavio
390 2438 521 2509 Roscius,
539 2443 572 2495 ut
589 2440 651 2512 ipse
668 2439 777 2511 aiebat,
795 2459 846 2513 pro
865 2458 916 2498 sua
932 2445 1025 2513 parte,
1049 2446 1082 2500 ut

61 2511 203 2578 Fannius,
226 2527 277 2580 pro
300 2511 364 2564 tota
386 2510 533 2579 socictate;
556 2512 674 2566 fundum
697 2513 819 2584 accepit,
844 2529 899 2568 non
922 2514 1079 2585 pecuniam.

62 2582 186 2651 Aliquot
198 2580 279 2636 annis
293 2582 359 2651 poet
371 2581 495 2636 Fannius
508 2581 642 2637 Roscium
655 2581 753 2652 adegit
765 2583 910 2656 arbitrum,
925 2584 981 2654 qui,
994 2601 1080 2654 quan·

61 2656 129 2707 tum
156 2653 272 2721 aequius
299 2649 412 2720 melius,
440 2653 573 2708 Roscium
598 2653 716 2724 petitori
741 2655 849 2710 Fannio
873 2655 939 2710 dare
962 2655 1079 2710 iuberet

62 2723 183 2778 Arbiter
204 2722 261 2777 fuit
283 2721 371 2790 idem,
394 2723 443 2791 qui
465 2723 496 2778 in
517 2725 571 2779 hae
589 2741 675 2780 causa
691 2723 776 2780 iudex
794 2727 845 2792 est,
864 2723 893 2782 O.
914 2725 1080 2797 Calpurnius

63 2793 143 2850 Piso.
178 2794 206 2848 Is
225 2794 260 2848 de
279 2810 310 2848 re
328 2793 497 2850 sententiam
514 2811 572 2850 non
588 2795 667 2864 tulit,
687 2796 737 2850 sed
754 2795 887 2852 Roscium
904 2797 1030 2868 rogavit,
1049 2799 1081 2850 ut

62 2863 176 2919 Fannio
202 2879 254 2934 pro
281 2863 391 2932 labore,
423 2865 498 2934 quod
525 2865 654 2936 cognitor
680 2865 791 2936 fuisset,
819 2869 895 2935 quod
919 2864 1080 2922 vadimonia

64 2935 182 3002 obisset,
202 2935 249 2990 HS
270 2934 370 2992 coloe
390 2936 477 3003 daret,
495 2934 538 2991 ite
555 2939 659 3006 tamen,
677 2939 710 2991 ut
723 2937 846 2992 Fannius
858 2937 1079 3006 restipularetur,

63 3006 179 3075 siquid
203 3005 345 3076 exegisset
367 3023 385 3060 a
406 3005 518 3075 Flavio,
540 3010 650 3076 partem
673 3008 732 3064 eius
756 3008 902 3063 dimidiam
924 3023 953 3063 se
977 3005 1079 3063 Roscio

63 3078 206 3132 daturum
245 3075 403 3147 spopondit
424 3076 467 3132 ite
484 3095 514 3132 se
531 3077 672 3132 facturum
688 3079 820 3135 Fannius.
857 3078 964 3134 Deinde
982 3076 1080 3133 Flavio

61 3147 148 3216 litem
166 3147 298 3202 intendit
335 3148 421 3204 Iudex
438 3148 494 3202 fuit
511 3148 540 3203 O.
561 3147 682 3205 Cluvius.
719 3150 761 3206 De
780 3149 840 3205 eius
859 3148 999 3204 sententia
1016 3149 1079 3202 Fle-

62 3219 145 3274 vium
180 3218 228 3272 HS
267 3217 415 3275 ecclesa
451 3219 575 3290 Panurgi
614 3219 727 3276 nomine
767 3219 875 3276 Fannio
917 3217 1079 3274 dissolvisse

63 3289 96 3356 Q.
120 3289 242 3345 Roscius
270 3290 422 3344 contendit
465 3289 550 3344 Ouios
574 3290 709 3361 pecuniae
731 3308 797 3362 pars
819 3289 938 3344 dimidia
960 3307 1024 3345 cum
1046 3307 1080 3346 ex

62 3359 281 3430 restipulatione
308 3360 410 3416 Roscio
437 3361 598 3430 deberetur,
622 3363 718 3416 temen
744 3363 856 3416 tentum
883 3361 967 3430 afuit,
994 3363 1027 3416 ut
1053 3361 1081 3417 ei

62 3431 216 3501 quicquam
234 3431 359 3486 Fannius
374 3433 462 3500 daret,
480 3434 513 3485 ut
526 3449 591 3486 aum
603 3431 635 3486 in
651 3433 787 3486 iudicium
804 3435 918 3488 vocaret
935 3435 1079 3502 tamquam

63 3519 115 3557 sna
130 3505 215 3574 parte
234 3500 266 3556 in
283 3505 378 3558 vetere
396 3503 447 3558 illa
464 3501 604 3558 decisione
621 3503 774 3558 fraudatus.
810 3503 987 3559 Aestimabat
1005 3503 1079 3560 enim

115 3581 270 3644 oraru
726 3667 727 3670 Ἴ
848 3597 865 3646 e
