2622 3884
182 199 247 266 368
480 195 521 252 IN
540 196 569 253 C.
584 195 740 254 VERREM
759 195 842 252 AOT.
860 195 895 251 II.

182 344 286 425 eredo,
309 346 369 428 est,
391 341 492 408 Heius
510 342 574 408 iste
591 364 670 408 num
689 363 744 407 aes
767 341 910 407 alienum
933 341 1096 428 habuerit,
1119 363 1199 411 num

183 433 366 500 auctionem
389 430 515 516 fecerit;
538 431 567 496 si
588 431 679 515 fecit,
701 453 780 495 num
803 434 899 497 teuta
922 430 1099 497 difficultas
1124 453 1200 497 eum

182 522 228 588 rei
247 520 449 586 nummariae
470 519 702 605 tenuerit,tan
702 523 739 585 a
756 523 849 606 eges
851 541 896 605 as,
919 523 1015 586 tanta
1037 520 1087 586 vis
1109 542 1200 673 pres·

184 610 275 692 serit,
307 613 345 675 ut
375 609 553 674 sacrarium
580 631 674 674 suum
702 609 939 694 spoliaretut
924 609 1044 674 tdeos
1070 609 1199 693 patrios

183 698 345 766 venderet.
377 696 423 762 At
436 697 602 764 hominem
616 697 709 763 rideo
725 697 910 763 auctionem
901 632 1044 763 ufecisse
1061 698 1227 783 nullam,⁵

182 787 365 854 uendidisse
397 790 491 872 praet
492 807 527 852 er
476 785 643 852 ttfruc
629 790 682 850 tus
713 807 788 851 suos
818 786 902 851 nihil
931 807 1102 871 umquam,
1132 808 1200 850 non

184 876 281 942 modo
299 876 334 941 in
352 897 426 941 aere
445 875 551 941 alieno
569 876 672 960 nullo,
695 875 752 940 sed
769 874 804 939 in
828 875 895 940 suis
917 875 1059 939 nummis
1082 875 1199 940 multis

184 985 255 1031 esse
279 968 312 1030 et
335 985 462 1050 semper
483 964 597 1047 fuisse3
624 963 652 1028 si
674 961 755 1029 haee
778 967 901 1048 contra,
924 985 962 1029 ae
985 963 1066 1048 dieo,
1089 967 1200 1028 essent

185 1054 308 1137 omnia,
335 1057 447 1119 tamen
468 1053 563 1117 illum
585 1051 679 1137 haee,
708 1073 790 1136 quae
813 1055 866 1117 tot
888 1073 991 1118 annos
1014 1052 1049 1116 in
1070 1051 1200 1118 familia

185 1143 391 1227 sacrarioque
409 1141 569 1206 maiorum
592 1139 744 1224 fuissent,
767 1140 974 1206 venditurum
997 1161 1064 1205 non
1085 1139 1200 1206 fuisse.
1215 1159 1242 1199 ιο

185 1230 283 1312 Quid,
311 1230 340 1295 si
366 1229 589 1315 magnitudine
614 1229 769 1314 pecuniae
792 1251 982 1314 persuasum
1006 1229 1078 1294 est?
1120 1227 1202 1294 Veri

186 1319 292 1384 simile
318 1339 386 1382 non
412 1321 475 1401 est,
501 1321 539 1382 ut
566 1317 623 1382 ille
649 1316 748 1382 homo
771 1321 841 1383 tam
864 1317 1023 1402 locuples,
1050 1321 1121 1382 tam
1143 1317 1202 1382 ho-

184 1411 298 1472 nestus
325 1367 477 1492 religioni
504 1426 581 1470 suae
609 1407 893 1508 monumentisque
920 1406 1082 1472 maiorum
1104 1428 1202 1490 pecu·

134 1504 166 1554 12
185 1495 275 1560 niam
289 1496 509 1578 anteponeret.
486 1491 625 1560 ttSun
638 1494 715 1578 ista3
733 1516 846 1560 verum
864 1498 976 1560 tamen
994 1494 1201 1561 abducuntur

184 1582 332 1648 homines
346 1604 413 1646 non
429 1604 608 1668 numquam
627 1583 726 1648 etiam
745 1583 787 1647 ab
807 1583 967 1649 institutis
986 1583 1054 1648 suis
1073 1583 1201 1669 magni·
1216 1601 1241 1642 n
1296 1575 1297 1640 l

185 1673 296 1737 tudine
310 1671 474 1756 pecuniae.
505 1669 692 1756 Videamus,
711 1671 861 1756 quauta
851 1675 897 1736 rst
898 1694 918 1737 a
935 1671 1072 1757 pecunie
1089 1671 1201 1756 fuerit,

186 1783 268 1846 quae
299 1760 442 1845 potuerit
468 1758 601 1843 Heium,
632 1760 798 1825 hominem
826 1760 966 1826 maxime
993 1761 1201 1846 locupletem,

185 1850 318 1915 minime
338 1871 480 1933 avarum,
500 1849 540 1915 ab
558 1848 708 1914 humanit
687 1852 771 1950 tate,
791 1871 810 1913 a
828 1849 960 1951 pietate,
979 1849 1021 1915 ab
1040 1848 1202 1935 religione

187 1939 350 2005 deducere
395 1937 448 2002 Ita
412 1937 613 2022 tiussisti,
642 1937 769 2022 opinor,
796 1937 903 2020 ipsum
930 1937 1007 2002 int
992 1937 1124 2002 tabulas
1152 1960 1202 2002 re-

185 2027 283 2093 ferre:
321 2025 441 2092 ‘Haec
472 2026 600 2092 omnia
631 2026 743 2112 signa
774 2024 980 2110 Praxiteli,
1012 2024 1202 2142 Myronis,
1216 2045 1242 2084 ao

186 2116 283 2200 Poly
289 2114 376 2181 oliti
394 2111 454 2178 HS
478 2135 542 2179 sex
564 2113 724 2180 milibus
746 2131 771 2178 1)
790 2112 904 2179 Verri
926 2113 1105 2179 vendite?
1147 2112 1203 2180 Sic

186 2209 252 2269 rett
238 2203 324 2269 tulit.
365 2201 487 2268 Recita.
527 2201 581 2266 Ex
607 2219 763 2268 rnaums.
803 2200 901 2268 Iuvat
927 2225 979 2268 me
1003 2202 1084 2268 haee
1107 2225 1202 2287 prae-

187 2292 276 2358 clara
302 2291 436 2356 nomina
462 2289 637 2375 artificum,
665 2311 747 2375 quae
773 2290 831 2354 isti
803 2289 900 2357 tad
927 2291 1053 2356 caelum
1080 2291 1204 2376 ferunt,
1295 2307 1296 2310 ’

187 2379 301 2444 Verris
316 2377 542 2444 aestimatione
556 2379 603 2444 sic
619 2379 805 2444 concidisse.
834 2377 1026 2464 Cupidinem
1040 2378 1203 2445 Praxiteli
1295 2379 1296 2430 l

186 2467 243 2533 HS
269 2467 357 2532 unct
402 2465 552 2533 Profecto
582 2466 658 2533 hine
684 2471 798 2532 natum
826 2471 889 2532 est:
923 2467 1041 2533 ‘Malo
1074 2486 1243 2534 emerere

188 2578 301 2641 quam
324 2554 483 2641 rogare?

136 2679 168 2729 13
253 2644 350 2710 Dicet
368 2643 499 2728 aliquis:
523 2642 639 2720 ‘Quies
658 2647 696 2709 tu
717 2643 783 2710 ista
805 2665 984 2731 permagno
1008 2645 1201 2712 aestimast'

186 2733 260 2820 Ego
292 2754 369 2800 vero
402 2733 443 2796 ad
475 2754 581 2798 meam
612 2733 773 2798 rationem
805 2753 964 2818 usumque
996 2755 1104 2799 meum
1133 2755 1203 2800 non

187 2823 339 2906 aestimo;
366 2842 480 2888 verum
506 2825 617 2886 tamen
644 2843 663 2886 a
690 2821 784 2887 vobis
812 2821 860 2887 ita
888 2821 1031 2887 arbitror
1057 2823 1203 2906 spectari

187 2915 348 2996 oportere,
371 2909 485 2994 quanti
503 2909 583 2975 haec
602 2930 713 2975 eorum
731 2908 858 2994 iudicio,
882 2910 937 2994 qui
961 2910 1099 2976 studiosi
1123 2915 1202 2977 sunt
1216 2928 1242 2969 ιι

186 3000 304 3065 harum
339 3019 461 3082 rerum,
500 2998 725 3082 aestimentur,
766 2997 880 3082 quanti
915 2999 1025 3064 venire
1062 2999 1203 3083 soleant,

188 3088 302 3172 quanti
323 3087 405 3152 haec
426 3087 512 3172 ipsa,
535 3086 563 3151 si
585 3087 695 3170 palam
718 3086 883 3171 libereque
906 3087 1068 3171 venirent,
1090 3088 1203 3154 venire

186 3180 335 3261 possent,
363 3175 498 3260 denique
524 3174 595 3260 ipse
613 3173 733 3240 Verres
761 3174 876 3259 quanti
899 3175 1057 3241 aestimet.
1099 3175 1205 3243 Num-

188 3286 299 3349 quam,
335 3263 363 3327 si
400 3262 540 3328 denariis
574 3278 661 3329 cccc
692 3261 882 3347 Cupidinem
915 3264 1010 3329 illum
1041 3268 1204 3349 putasset,

187 3350 417 3434 commisisset,
445 3354 482 3415 ut
508 3355 642 3436 propter
670 3351 803 3416 eumin
826 3372 1007 3417 sermonem
1030 3353 1203 3420 hominum
1217 3366 1241 3411 ιι

100 3500 102 3508 ,
135 3448 169 3498 14
187 3442 284 3521 atque
297 3439 332 3502 in
345 3441 473 3504 tantam
492 3438 763 3522 vituperationem
780 3440 914 3505 veniret.
952 3441 1029 3518 Quis
1053 3446 1205 3509 vestrum
1294 3455 1295 3482 ³

187 3524 289 3607 igitur
316 3525 432 3610 nescit,
460 3527 574 3609 quanti
601 3526 681 3593 haec
709 3528 946 3594 aestimentur?
986 3529 1026 3593 In
1052 3531 1205 3598 auctione
