2622 3884
340 189 407 245 ΗΒ.
422 189 462 244 111
490 189 568 246 OAP.
588 196 694 246 ee-ec
712 197 727 258 c
748 196 896 246 148-153.
1057 191 1120 255 331

98 353 145 415 es,
169 353 298 419 magno
316 338 351 398 te
371 333 520 400 decumas
539 335 730 419 vendidisse,
753 335 843 420 plebi
860 335 1027 400 Romanae
1050 356 1122 400 oon·
1143 376 1145 379 -

99 421 261 506 suluisse,
284 443 431 488 annonae
450 424 664 508 prospexisse.
705 422 782 488 Non
799 428 910 508 potest
932 423 995 491 hoc
1018 424 1122 489 dicere

97 509 138 592 is,
163 509 226 593 qui
246 531 367 597 negare
384 533 450 576 non
467 516 579 596 potest
602 533 636 578 se
659 513 755 578 unius
779 512 851 598 agri
875 513 1025 578 decumas
1048 531 1122 578 xxx

98 597 244 664 milibus
271 598 413 664 modium
444 600 593 684 minoris,
621 623 718 686 quam
745 601 903 685 potuerit,
931 601 1122 684 vendidisse,

72 689 154 771 tut,
184 687 322 753 etiamsi
348 687 411 752 tibi
437 688 500 754 hoo
527 689 714 774 concedam,
741 687 882 754 Minucio
904 692 938 754 te
960 689 1033 754 ideo
1055 710 1122 754 non

99 775 298 860 tradidisse,
326 776 505 860 quodiam
534 777 711 842 addixisses
730 776 877 862 Apronio
901 774 1008 862 (aiunt
1035 778 1122 842 enim

99 867 135 928 te
169 863 224 928 ite
258 865 421 950 dictitare,
455 865 542 950 quod
572 886 633 952 ego
667 869 799 950 expecto
828 866 987 949 cupioque
1013 869 1047 930 te
1074 866 1123 930 ita

99 950 189 1016 illud
210 951 397 1039 defendere)
416 991 458 1000 -
477 975 590 1020 verum
607 958 645 1018 ut
663 955 712 1019 ita
730 953 783 1037 sit,
806 955 918 1017 tamen
939 974 1005 1018 non
1027 956 1121 1036 potes

100 1040 167 1105 hoc
203 1041 299 1125 quasi
328 1042 532 1126 praeclarum
560 1042 682 1126 aliquid
709 1041 909 1127 praedicare,
941 1060 1061 1126 magno
1088 1043 1121 1104 te

62 1144 88 1183 10
101 1127 263 1194 decumas
294 1129 489 1214 vendidisse,
521 1152 594 1196 cum
625 1131 726 1196 fuisse
757 1129 895 1213 fateare,
929 1129 985 1213 qui
1016 1128 1121 1193 multo

102 1217 216 1300 pluris
241 1217 382 1283 voluerit
405 1240 520 1284 emere.
1132 1268 1175 1332 65

173 1305 320 1370 Tenetur
337 1306 440 1392 igitur
462 1307 542 1390 iam,
563 1305 699 1391 iudices,
722 1312 756 1372 et
778 1307 952 1372 manifesto
975 1307 1105 1370 tenetur
1124 1345 1175 1395 152

105 1393 261 1479 avaritia,
279 1394 440 1480 cupiditas
456 1395 606 1480 hominis,
625 1396 738 1479 scelus,
756 1395 960 1480 improbitas,
979 1393 1121 1460 audacia.

105 1480 218 1557 Quid?
247 1483 275 1547 si
297 1482 391 1567 haec,
416 1505 498 1568 quae
522 1483 606 1568 dico,
628 1483 731 1568 ipsius
755 1483 851 1550 amici
874 1483 1123 1566 defensoresque

67 1584 92 1625 1⁶
105 1569 309 1656 iudicarunt,
337 1571 414 1657 quid
440 1571 540 1637 voltis
565 1572 728 1656 amplius?
769 1572 921 1638 Adventu
943 1571 979 1636 L.
997 1569 1123 1635 Metelli

106 1659 289 1744 praetoris,
317 1682 389 1725 curn
418 1682 529 1725 omncs
556 1660 624 1725 eius
650 1661 784 1725 comites
808 1660 872 1725 iste
895 1659 959 1724 sibi
982 1681 1040 1724 suo
1063 1659 1122 1722 illo

107 1747 308 1831 panchresto
340 1747 574 1814 medicamento
608 1749 728 1814 amieos
761 1748 967 1831 reddidisset,
999 1746 1123 1811 aditum

108 1838 161 1901 est
194 1836 237 1900 ad
267 1835 449 1921 Metellum3
481 1837 615 1902 eductus
646 1841 697 1902 est
721 1836 900 1922 Apronius,
933 1835 1041 1900 eduxit
1072 1834 1123 1898 vir

108 1924 295 2008 primarius,
318 1921 353 1989 O.
367 1923 483 1990 Gallus
502 1929 642 2010 senator,
664 1925 845 2010 postulavit
868 1924 909 1989 ab
928 1923 963 1988 L.
978 1922 1123 2005 Metelle,

70 2026 97 2067 2⁰
110 2014 148 2077 ut
177 2035 216 2077 ex
245 2013 349 2078 edicto
377 2035 436 2078 suo
458 2012 612 2079 iudicium
636 2014 728 2079 daret
749 2014 785 2079 in
803 2012 997 2098 Apronium,
1021 2012 1121 2090 QUOD

110 2118 180 2166 nna
209 2119 273 2166 vus
299 2119 369 2166 rur
396 2119 517 2167 unruu
544 2110 788 2185 snsrumssnr,
821 2123 919 2186 quam
946 2100 1121 2165 formulam

111 2189 325 2255 Octavianam
353 2193 386 2254 et
408 2189 531 2256 Romae
553 2190 706 2256 Metellus
734 2190 896 2256 habuerat
923 2192 956 2253 et
978 2188 1123 2254 habebat

110 2277 147 2342 in
164 2277 347 2363 provincia3
368 2300 436 2342 non
455 2278 619 2363 impetrat,
642 2301 716 2344 cum
738 2278 800 2344 hoc
823 2278 944 2344 diceret
960 2276 1122 2362 Metellus,

112 2366 348 2448 praeiudicium
367 2388 402 2432 se
426 2367 466 2431 de
489 2368 595 2452 capite
619 2364 654 2432 0.
667 2365 781 2431 Verris
804 2388 863 2452 per
885 2366 947 2432 hoc
970 2366 1123 2432 iudicium

72 2467 99 2508 ²⁶
112 2455 203 2520 nolle
224 2454 304 2519 fieri.
345 2453 430 2520 Tota
447 2455 574 2519 Metelli
596 2456 713 2520 cohors
736 2455 904 2521 hominum
926 2477 994 2520 non
1015 2455 1123 2540 ingra-

112 2546 224 2608 torum
242 2543 355 2607 aderat
368 2543 530 2628 Aproni03
553 2541 587 2609 O.
602 2542 727 2626 Gallus,
748 2544 847 2609 homo
866 2544 969 2608 vestri
991 2544 1123 2627 ordinis,
1171 2616 1172 2621 ἵ

113 2653 134 2696 0
166 2652 224 2695 suo
255 2631 513 2698 familiarissimo
545 2629 581 2696 L.
604 2630 738 2697 Metello
765 2631 918 2698 iudicium
951 2654 990 2696 ex
1017 2633 1122 2697 edicto

112 2739 180 2784 non
210 2723 320 2820 potest
350 2719 534 2822 impetrare.
584 2718 660 2784 Non
689 2720 889 2805 reprehendo
921 2719 1175 2822 Metellum3153

75 2807 1122 2982 rsti-ltltfflnsttlslnlftplhllljmrttl

113 2983 298 3073 Metellum,
321 2985 377 3049 sed
399 2984 462 3051 hoo
485 2985 598 3070 miror,
622 3008 685 3070 quo
710 2985 820 3067 modo,
842 2984 881 3048 de
905 3005 968 3067 quo
991 2982 1123 3048 homine

97 3069 346 3156 'praeiudicium
372 3073 514 3138 noluerit
541 3073 615 3138 fieri
635 3096 693 3158 per
714 3076 972 3157 recuperatores,
998 3071 1037 3135 de
1060 3071 1123 3136 hoo

113 3161 184 3245 ipse
216 3182 282 3224 non
313 3160 409 3226 modo
441 3161 683 3246 praeiudicarit,
714 3183 827 3226 rerum
859 3159 1053 3246 gravissime
1085 3182 1123 3225 ac

114 3248 397 3314 vehementissime
414 3249 574 3315 iudicarit.
613 3250 761 3314 Primum
780 3249 875 3332 enim,
898 3248 926 3312 si
940 3247 1128 3334 Apronium·

76 3352 101 3394 ⁸⁶
115 3337 302 3402 absolutum
329 3337 371 3402 iri
397 3342 543 3423 putaret,
570 3338 651 3403 nihil
680 3340 764 3422 erat,
791 3336 876 3420 quod
903 3337 1008 3403 ullum
1033 3359 1122 3422 prae-

114 3425 268 3490 iudicium
298 3430 479 3510 vereretur3
512 3427 638 3510 deinde,
671 3425 699 3490 si
731 3426 944 3492 condemnato
974 3426 1121 3511 Apronio

114 3513 320 3579 coniunctam
338 3537 411 3580 cum
431 3514 591 3598 eoVerris
609 3535 741 3578 causam
760 3536 871 3580 omnes
891 3518 984 3582 erant
1003 3515 1122 3582 existu-
