2576 3882
345 149 412 206 nra.
431 149 459 204 11
486 147 563 204 oar.
582 153 688 206 52-54
706 155 721 218 a
741 153 889 206 raa-134.
1054 149 1118 214 247

112 297 231 380 ferunt,
253 295 288 360 in
306 316 404 360 censu
421 293 570 360 habendo
589 297 736 380 potestas
756 293 861 362 omnis
882 292 1124 361 aestimationis.

112 383 281 450 habendae
314 405 522 468 summaeque
552 383 723 449 faciundae
756 384 882 450 censori
908 382 1120 468 permittitur.

112 473 230 557 Itaque
249 474 283 537 et
300 471 449 556 populus,
468 471 520 537 cui
538 471 713 537 maximam
735 473 833 537 fidem
856 493 988 537 suarum
1012 493 1121 537 rerum

112 559 243 644 habeat,
261 560 404 626 maxima
422 581 499 625 cura
518 559 642 646 deligit,
660 564 694 625 et
711 565 845 645 propter
862 559 1120 648 magnitudinem

85 649 287 735 apotastatis
306 647 360 714 hic
377 648 592 734 magistratus
611 669 631 714 a
648 648 770 733 populo
793 669 921 714 summa
943 648 1121 714 ambitione

113 737 327 804 contenditur.
362 735 402 801 In
421 759 459 802 ea
477 758 512 802 re
529 735 592 802 iste
609 735 692 801 nihil
712 737 847 803 obscure
864 737 970 802 facere
989 736 1104 820 voluit,
1123 750 1172 800 132

112 848 179 892 non
196 825 232 890 in
250 824 421 891 sortitione
438 824 553 890 fallere
575 846 678 907 neque
702 825 769 890 dies
793 825 831 890 de
853 825 949 889 fastis
973 825 1120 890 eximere.

112 913 206 980 Nihil
239 934 317 979 sane
347 912 439 978 vafre
469 935 529 979 nec
560 913 723 978 malitiose
754 913 860 980 facere
891 916 1026 978 conatus
1057 915 1120 997 est3

113 1002 170 1068 sed
183 1004 221 1068 ut
235 1001 344 1066 studia
357 1001 615 1086 cupiditatesque
629 1001 790 1067 honorum
808 1005 906 1086 atqua
925 1001 1120 1066 ambitiones

75 1110 100 1150 ιο
114 1113 153 1157 ex
167 1089 354 1156 hominibus
373 1090 623 1174 civitatibusque
641 1089 844 1173 tollerentur,
864 1111 945 1174 quae
964 1109 1016 1154 res
1035 1109 1120 1154 ever·

113 1179 229 1245 tendae
243 1178 440 1264 reipublicae
457 1178 600 1244 solerent
618 1199 698 1262 esse,
718 1177 860 1243 ostendit
878 1177 1002 1242 sesain
1020 1177 1121 1242 omni·

114 1269 176 1333 bus
190 1267 378 1334 civitatibus
393 1287 541 1332 censores
556 1288 626 1332 esse
639 1266 823 1332 facturum.¹
838 1265 943 1330 Tanto
958 1267 1103 1330 mercatu
1122 1270 1174 1319 133

112 1355 274 1441 praetoris
300 1354 423 1420 indicto
450 1355 653 1421 concurritur
676 1354 817 1439 undique
840 1354 881 1419 ad
903 1353 1003 1418 istum
1027 1351 1121 1438 Syra-

113 1465 222 1528 cusas3
241 1443 405 1529 flagrabat
417 1446 490 1508 tota
509 1444 623 1509 domus
642 1443 807 1528 praetoria
826 1442 933 1508 studio
951 1442 1121 1508 hominum

72 1549 99 1592 rs
114 1536 147 1598 et
175 1531 364 1616 cupiditate3
392 1553 452 1597 nec
478 1532 598 1596 mirum
626 1531 776 1596 omnibus
805 1530 945 1596 comitiis
972 1532 1024 1596 tot
1047 1530 1121 1596 civi·

112 1624 220 1686 tatum
246 1642 344 1686 unam
367 1621 402 1685 in
425 1619 557 1684 domum
580 1619 740 1684 revocatis
762 1622 920 1703 tantaque
943 1618 1121 1683 ambitione

113 1707 298 1794 provinciae
323 1709 426 1773 totius
448 1708 484 1772 in
505 1729 569 1772 uno
593 1707 741 1772 cubiculo
765 1707 898 1772 inclusa.
938 1705 1121 1790 Exquisitis

113 1798 224 1882 palam
251 1796 366 1881 pretiis
394 1799 427 1860 et
454 1795 690 1860 licitationibus
712 1795 808 1860 factis
832 1793 1029 1859 discribebat
1052 1815 1122 1858 cen·

115 1906 205 1950 sores
223 1885 318 1950 binos
336 1884 372 1949 in
394 1884 540 1970 singulas
564 1883 712 1949 civitates
736 1881 965 1947 Timarchides.
1005 1881 1038 1946 Is
1062 1901 1121 1947 sno

72 1991 101 2032 2⁰
114 1973 228 2038 labore
242 1973 372 2058 suisque
386 1972 623 2038 accessionibus
639 1971 735 2036 huius
752 1970 878 2057 negotii
897 1971 994 2053 atque
1014 1969 1121 2054 operis

114 2060 268 2127 molestia
286 2061 552 2145 consequebatur,
574 2064 612 2125 ut
633 2059 674 2125 ad
696 2060 796 2124 istum
820 2058 889 2123 sine
911 2057 981 2123 ulla
1004 2057 1122 2132 sollici-

113 2149 227 2216 tudine
254 2171 382 2215 summa
408 2149 563 2234 pecuniae
589 2148 773 2213 referretur.
820 2146 891 2212 Iam
918 2146 972 2211 hie
996 2144 1122 2210 Timar-

114 2238 224 2304 chides
244 2242 401 2322 quantam
419 2237 590 2322 pecuniam
612 2236 735 2319 iecerit,
757 2235 854 2320 plane
878 2234 982 2299 adhuc
1004 2254 1122 2320 cogno·
1175 2312 1177 2316 .

115 2348 204 2392 scere
230 2347 297 2391 non
323 2325 491 2410 potuistis3
517 2347 630 2390 rerum
657 2324 829 2389 tamenin
855 2323 963 2406 priore
987 2323 1122 2406 actione,

73 2429 102 2475 8⁶
116 2436 214 2499 quam
232 2414 331 2499 varie,
354 2436 452 2499 quam
469 2413 618 2498 improbe
635 2412 811 2498 praedatus
830 2415 925 2496 esset,
944 2410 1122 2476 multorum

115 2503 313 2569 testimoniis
337 2502 544 2588 cognovistis.

182 2589 245 2656 Sed
272 2612 313 2656 ne
340 2590 517 2674 miremini,
545 2611 610 2674 qua
637 2589 765 2655 ratione
791 2587 845 2654 hic
867 2591 996 2653 tantum
1019 2557 1176 2684 apudffi

114 2679 217 2745 istum
234 2679 372 2744 libertus
396 2679 549 2764 potuerit,
572 2699 731 2763 exponam
753 2677 846 2742 vobis
869 2676 1022 2760 breviter,
1045 2675 1122 2759 quid
1277 2687 1278 2692 ’

114 2767 257 2833 hominis
285 2767 342 2852 sit,
369 2770 406 2831 ut
429 2769 463 2832 et
485 2766 579 2831 istius
602 2765 795 2850 nequitiam,
819 2764 875 2849 qui
897 2765 992 2829 illum
1015 2784 1122 2828 seeum

73 2855 276 2940 cohaeserit,
295 2877 333 2921 eo
347 2856 539 2939 praesertim
552 2875 687 2919 numero
702 2876 740 2919 aa
752 2853 834 2938 loce,
854 2856 887 2918 et
901 2851 1123 2917 calamitatem

114 2943 301 3030 provinciae
319 2943 533 3030 cognoscatis.
568 2941 609 3007 In
626 2942 799 3008 mulierum
817 2938 1010 3022 corruptelis
1033 2941 1066 3002 et
1088 2937 1124 3002 in

115 3031 205 3098 omni
234 3031 301 3098 eius
330 3032 419 3098 modi
445 3031 574 3096 luxuria
596 3034 694 3115 atque
716 3029 862 3112 nequitia
884 3025 1067 3092 mirandum
1088 3025 1123 3089 in

115 3120 248 3187 modum
267 3120 469 3205 reperiebam
486 3119 573 3184 hunc
591 3117 830 3184 Timarchidem
851 3115 892 3180 ad
914 3113 1009 3179 istius
1032 3112 1123 3199 flagi-

115 3208 218 3274 tiosas
237 3208 389 3275 libidines
408 3208 671 3294 singularemque
689 3204 869 3290 nequitiam
888 3207 1003 3268 natum
1026 3204 1123 3286 atque

74 3312 102 3354 ⁸⁵
116 3300 231 3382 aptum
243 3297 358 3382 fuiss03
377 3296 585 3382 investigare,
602 3293 699 3378 adire,
717 3293 892 3378 appellare,
910 3310 1123 3373 corrumpere,

116 3385 243 3469 quidvis
274 3384 381 3450 facere
411 3385 448 3449 in
480 3385 547 3450 eius
580 3382 669 3448 modi
699 3381 795 3446 rebus
824 3379 971 3465 quamvis
999 3377 1123 3462 callide,

115 3473 264 3557 quamvis
283 3472 450 3558 audacter,
472 3470 620 3557 quamvis
640 3469 858 3554 impudentem
881 3468 1017 3534 eundem
1040 3467 1124 3533 mira
