2622 3884
175 203 244 272 4'10
478 203 517 258 ru
536 203 564 261 e.
584 203 738 259 vanarn
755 203 835 259 aar.
854 203 889 258 u.

177 348 385 415 Hennensem
400 347 550 414 Cererem
569 349 708 414 maxime
728 349 847 415 colunt.
885 347 1018 414 Eenir'n
1039 347 1068 412 si
1087 346 1189 412 Athe

177 437 339 503 niensium
360 459 452 502 sacra
470 459 597 502 summa
616 437 792 521 cupiditate
812 439 1017 520 expetuntur,
1041 435 1082 500 ad
1105 458 1189 520 quos

178 524 276 592 Ceres
293 526 329 590 in
346 526 405 591 illo
425 547 533 591 errore
551 526 678 592 venisse
697 525 815 590 dicitur
831 523 1007 612 frugesque
1027 525 1189 608 attulisse,
1299 525 1300 546 ¹

179 617 335 699 quantam
363 635 432 679 esse
455 613 647 700 religionem
670 613 820 679 convenit
844 635 968 698 eorum,
997 613 1082 697 apud
1105 635 1189 697 quos
1299 604 1300 698 J

179 725 251 768 eam
275 706 389 768 natam
412 723 483 768 esse
506 705 539 768 et
560 702 672 789 fruges
696 702 858 768 invenisse
881 703 1032 767 constat?
1064 702 1216 786 ¹Itaquea
1299 737 1300 740 ¹

180 791 265 877 apud
296 795 406 876 patres
437 794 569 857 nostros
602 791 706 856 atroci
738 812 775 856 ac
807 789 932 868 difficili
961 790 1009 854 rei
1039 790 1191 874 publicae

178 884 339 964 tempore,
367 901 440 945 cum
467 879 516 945 Ti.
536 878 682 945 Graccho
711 878 815 945 occiso
843 899 1038 965 magnorum
1065 878 1191 962 pericu·

179 969 287 1033 lorum
314 971 419 1034 metus
449 990 487 1033 ex
515 967 652 1032 ostentis
680 966 940 1054 portenderetur,
966 965 1001 1030 P.
1022 966 1129 1032 Mucio
1153 966 1190 1030 L.

180 1054 357 1140 Calpurnio
376 1056 562 1122 consulibus
587 1055 710 1121 aditum
734 1058 785 1120 est
808 1055 849 1120 ad
871 1055 974 1120 libros
996 1052 1191 1140 Sibyllinos3

180 1168 218 1210 ex
247 1144 363 1230 quibus
390 1145 560 1209 inventurn
588 1147 639 1209 est
661 1141 812 1210 Cererem
836 1143 1097 1227 antiquissimam
1120 1144 1191 1226 pla
1207 1168 1229 1207 rr

179 1234 247 1298 cari
279 1236 438 1319 oportere.
488 1233 570 1297 Tum
601 1253 639 1297 ex
668 1232 869 1317 amplissimo
897 1232 1036 1318 collegio
1064 1231 1192 1296 decern-
1299 1221 1300 1272 l

178 1321 275 1386 virali
302 1320 485 1386 sacerdotes
512 1321 626 1406 populi
653 1319 807 1405 Romani,
834 1343 906 1386 cum
934 1323 1020 1386 esset
1047 1321 1081 1384 in
1108 1321 1191 1385 urbe

178 1413 293 1475 nostra
320 1407 446 1474 Cereris
478 1409 733 1494 pulcherrimum
765 1411 797 1473 et
829 1408 1190 1495 magnificentissimum

99 1525 163 1622 Χ
179 1497 348 1581 templum,
371 1501 482 1562 tamen
502 1519 603 1582 usque
621 1497 772 1562 Hennam
795 1497 933 1582 profecti
955 1501 1041 1562 sunt.
1081 1495 1190 1562 Tanta

179 1589 251 1650 erat
278 1584 363 1650 enim
392 1586 569 1652 auctoritas
594 1589 627 1650 ct
649 1589 795 1651 vetustas
819 1585 908 1650 illius
931 1585 1114 1672 religionis,
1142 1589 1188 1669 ut,
1205 1611 1231 1650 15

180 1696 252 1739 cum
274 1673 353 1739 illue
376 1673 471 1758 irent,
492 1697 559 1740 non
583 1675 623 1739 ad
646 1674 757 1739 aedem
781 1672 916 1758 Cereris,
939 1673 996 1738 sed
1019 1673 1059 1738 ad
1082 1673 1189 1758 ipsam

91 1773 178 1857 χιοθ
199 1761 349 1828 Cererem
362 1762 524 1845 proficisci
538 1762 732 1827 viderentur.
763 1760 839 1827 Non
854 1762 1033 1846 optundam
1053 1762 1189 1846 diutius;

181 1851 301 1915 etenim
328 1850 395 1916 iam
422 1851 542 1916 dudum
569 1873 695 1934 vereor,
722 1872 763 1915 ne
792 1851 897 1916 oratio
920 1873 993 1916 mea
1017 1850 1124 1915 aliena
1147 1851 1188 1915 ab

179 1939 371 2005 iudiciorum
390 1939 517 2005 ratione
536 1942 569 2004 et
588 1961 607 2004 a
625 1938 789 2005 cotidiana
809 1938 934 2004 dicendi
957 1939 1189 2005 consuetudine
1299 1973 1300 1996 ι

181 2049 251 2092 esse
278 2027 435 2092 videatur.
480 2027 553 2092 Hoc
580 2027 664 2112 dico,
691 2026 775 2093 hane
803 2027 908 2112 ipsam
932 2025 1082 2093 Cererem
1106 2028 1189 2092 anti·
1203 2053 1228 2091 20
1299 2019 1300 2114 l

181 2115 384 2199 quiesimam,
421 2115 716 2202 religiosissimam,
747 2115 926 2200 principem
959 2115 1104 2181 omnium
1136 2137 1189 2182 sa·
1299 2115 1300 2156 l

181 2225 323 2287 crorum,
353 2224 435 2287 quae
464 2203 549 2290 apud
577 2225 687 2269 omnes
716 2207 829 2290 gentes
856 2204 1069 2288 nationesque
1095 2205 1190 2289 fiunt,

124 2308 128 2313 ’
181 2289 258 2356 aC.
272 2290 374 2355 Verre
398 2313 437 2355 ex
461 2293 527 2356 suis
550 2292 683 2376 templis
707 2313 744 2356 ae
767 2292 896 2357 sedibus
920 2313 990 2356 esse
1014 2291 1189 2358 sublatam.

181 2377 243 2454 Qui
270 2379 451 2444 accessistis
478 2379 642 2465 Hennam,
669 2379 797 2446 vidistis
826 2380 1035 2445 simulacrum
1060 2378 1188 2446 Cereris

181 2489 198 2532 c
230 2489 390 2532 marmore
423 2471 455 2532 et
486 2468 521 2532 in
553 2468 656 2533 altero
689 2469 812 2553 templo
842 2468 986 2534 Liberae.
1034 2465 1117 2533 Sunt
1149 2490 1190 2535 ea
1203 2493 1229 2534 aa

180 2555 350 2640 perampla
378 2558 475 2640 atque
502 2556 683 2641 praeclara,
711 2557 767 2620 sed
789 2577 855 2621 non
877 2558 925 2621 ita
948 2557 1091 2641 antiqua.
1136 2557 1189 2623 Ex
1299 2609 1300 2618 ,

181 2665 254 2708 aere
286 2643 349 2708 fuit
379 2643 539 2729 quoddam
566 2644 693 2710 modica
721 2644 934 2729 amplitudine
962 2667 999 2711 ao
1027 2646 1190 2732 singulari

181 2753 277 2816 opere
292 2753 364 2796 cum
380 2732 505 2798 facibus
524 2733 762 2817 perantiquum,
781 2733 925 2798 omnium
943 2733 1086 2818 illorum,
1104 2755 1189 2818 quae

181 2824 257 2884 sunt
284 2820 318 2884 in
346 2841 383 2884 eo
410 2819 501 2904 fano,
532 2820 637 2885 multo
666 2820 937 2905 antiquissimum.
987 2821 1025 2886 Id
1053 2823 1189 2887 sustulit

130 2920 180 2969 110
199 2930 236 2973 ae
256 2912 422 2973 tamense
441 2911 611 2973 contentus
630 2908 786 2974 nonfuit.
823 2907 910 2974 Ante
930 2909 1041 2975 aedem
1060 2909 1189 2976 Cereris
1204 2935 1230 2974 ac

180 2996 214 3061 in
242 3000 355 3081 aperto
385 3018 422 3062 ac
447 2997 620 3082 propatulo
644 2997 716 3062 loeo
740 2997 835 3082 signa
857 2997 919 3062 duo
944 3002 1033 3082 sunt,
1061 2995 1189 3064 Cereris
1299 3001 1300 3020 ¹

180 3098 293 3168 unum,
317 3084 455 3150 alterum
478 3083 685 3170 Triptolemi,
708 3085 927 3169 pulcherrima
950 3109 988 3151 ac
1010 3087 1190 3171 perampla.
1229 3119 1232 3126 Α

179 3171 391 3238 Pulchritudo
405 3172 559 3258 pericula,
578 3172 756 3258 amplitudo
771 3173 871 3238 saluti
884 3173 956 3258 fuit,
976 3173 1061 3259 quod
1076 3196 1189 3240 eorum
1299 3191 1300 3196 ’

181 3261 347 3325 demolitio
372 3263 469 3345 atque
493 3261 673 3345 asportatio
696 3261 895 3346 perdifficilis
918 3262 1098 3327 videbatur.
1134 3261 1189 3327 In-
1299 3311 1300 3342 q

180 3347 318 3413 sistebat
344 3348 379 3412 in
407 3370 504 3413 manu
533 3348 658 3414 Cereris
686 3349 799 3413 dextra
827 3350 949 3436 grande
977 3350 1188 3416 simulacrum
1203 3375 1228 3416 aa

179 3434 396 3517 pulcherrime
414 3435 538 3500 factum
547 3435 725 3520 Victoriae,
748 3436 809 3502 hoc
827 3437 891 3503 iste
910 3459 927 3502 e
951 3439 1045 3525 signo
1062 3438 1188 3505 Cereris
1299 3503 1300 3506 ,

181 3520 384 3585 avellendum
408 3523 704 3606 asportandumque
727 3525 861 3589 curavit.
1299 3517 1300 3528 ἵ
