2576 3882
356 179 424 236 Lm.
443 180 470 235 11
507 179 584 236 cnr.
600 187 687 236 e-1a
706 187 722 249 5
740 187 853 238 rs-ao.
1043 182 1109 250 209

165 325 237 404 Qua
251 326 349 410 dere,
365 324 496 410 iudicer,
514 347 634 412 magno
649 335 746 412 opere
762 326 856 393 vobis
875 326 1108 412 providendum
1127 338 1162 391 28

97 419 161 500 est3
193 415 338 500 pertinet
368 413 431 480 hoc
460 413 501 480 ad
529 434 689 480 summam
716 436 786 480 rem
812 415 979 500 publicam
1007 419 1041 482 et
1068 413 1109 482 ad

97 503 383 569 existimationem·
409 501 532 567 ordinis
563 502 669 567 nostri
703 503 906 589 salutemque
938 503 1108 570 sociorum.

97 590 134 658 Si
165 591 250 658 anim
281 591 469 656 innocentes
496 589 687 662 existumari
713 592 878 677 volumno,
908 613 976 659 non
1001 593 1109 660 solum

70 695 172 764 onos,
204 680 261 746 sed
293 678 393 745 etiam
424 678 560 746 comites
590 682 722 745 nostros
749 684 919 766 praestare
945 681 1108 748 debemus.

97 768 245 834 Primum
272 767 418 834 omnium
446 789 546 852 opera
572 767 678 834 danda
705 770 769 853 est,
795 772 834 834 ut
861 790 916 834 eos
938 764 1159 836 nobiscumll

99 857 288 941 educamus,
325 856 382 941 qui
416 859 550 922 nostrae
584 855 692 922 famae
728 856 892 942 capitique
927 859 1109 944 consulant,

98 945 226 1028 deinde,
254 944 282 1011 ei
307 944 343 1010 in
369 943 555 1010 hominibus
584 944 741 1029 eligendis
763 965 826 1010 nos
848 966 922 1031 spes
945 946 1108 1013 amicitiae

96 1032 267 1117 fefellerit,
288 1035 327 1098 nt
343 1031 556 1117 vindicemus,
578 1033 697 1098 missos
717 1031 888 1119 faciamus,
911 1054 1038 1120 semper
1060 1033 1109 1102 ita
1171 1072 1173 1076 f

57 1137 84 1177 10
98 1121 262 1205 vivamus,
292 1123 330 1187 ut
361 1121 522 1187 rationem
553 1120 748 1186 reddendam
777 1121 872 1187 nobis
902 1123 1108 1190 arbitremur.

98 1208 248 1275 Africani
270 1213 321 1274 cet
342 1208 414 1293 hoc,
436 1208 578 1275 hominis
601 1207 825 1276 liberalissimi
847 1207 974 1298 (verum
997 1215 1109 1277 tamen

98 1319 138 1364 ea
155 1297 337 1364 liberalitas
361 1301 412 1363 est
433 1297 612 1384 probanda,
636 1319 718 1383 quae
741 1298 810 1363 sine
832 1299 976 1384 periculo
1000 1299 1107 1366 existi·

97 1386 252 1452 mationis
281 1390 345 1470 est,
372 1389 410 1452 ut
435 1385 472 1451 in
496 1385 556 1452 illo
583 1385 662 1472 fuit)
684 1423 729 1434 —
751 1409 825 1453 cum
848 1388 889 1454 ab
914 1409 952 1453 eo
975 1388 1107 1472 quidam
1127 1397 1161 1449 29

96 1478 191 1542 vetus
220 1477 401 1540 assectator
428 1476 462 1539 et
488 1495 528 1539 cx
554 1495 688 1540 numero
716 1475 895 1541 amicorum
918 1497 987 1541 non
1007 1476 1108 1564 impe·

58 1577 84 1620 1⁵
97 1565 214 1647 traret,
245 1562 296 1628 uti
323 1583 358 1628 se
384 1561 585 1649 praefectum
612 1562 647 1626 in
669 1561 816 1629 Africam
844 1563 986 1648 duceret,
1014 1569 1048 1630 ot
1073 1565 1108 1632 id

96 1650 198 1716 ferret
224 1651 375 1716 moleste:
408 1648 542 1734 ‘Noli’,
568 1650 688 1734 inquit,
716 1650 879 1735 ‘mirari,
907 1653 940 1716 si
966 1656 1009 1718 tu
1035 1653 1108 1721 hoc

97 1760 197 1805 ame
228 1761 304 1805 non
334 1739 532 1824 impetras.
581 1737 663 1824 Ego
695 1739 771 1803 iam
799 1739 948 1825 pridem
976 1741 1022 1805 ab
1050 1762 1108 1827 eo,
1173 1746 1177 1824 ζ

97 1827 158 1893 cui
175 1849 296 1892 meam
315 1825 645 1894 existimationem
664 1848 790 1893 caram
813 1826 897 1892 fore
920 1828 1107 1913 arbitror,
1176 1829 1178 1832 ’

97 1918 202 2002 peto,
236 1918 280 1981 ut
315 1937 459 1982 mecum
490 1914 712 2001 praefectur
743 1915 1037 2000 proficiscatur,
1070 1921 1107 1982 et
1176 1997 1178 2002 Α

58 2002 223 2070 aadhuc
247 2003 458 2090 impetrare
483 2024 561 2069 non
587 2001 763 2089 possum?
807 2001 941 2069 Etenim
967 2025 1004 2069 re
1030 2026 1108 2070 vera

97 2091 202 2158 multo
225 2093 332 2179 magis
355 2095 406 2158 est
427 2092 603 2178 petendum
626 2092 668 2157 ab
691 2091 892 2178 hominibus,
915 2091 945 2158 si
967 2091 1051 2158 salvi
1073 2097 1107 2158 et

96 2179 229 2246 honesti
242 2181 487 2266 essevolumus,
504 2184 543 2247 ut
561 2185 637 2246 eant
654 2179 825 2246 nobiscum
842 2179 878 2245 in
895 2180 1106 2267 provinciam,

98 2290 197 2354 quam
230 2268 412 2352 [bacillis]
439 2268 476 2336 in
501 2268 650 2335 beneficii
677 2268 748 2336 loco
776 2267 994 2335 deferendum.
1044 2267 1107 2336 Sed

96 2359 135 2423 tu
161 2379 235 2424 cum
258 2361 292 2424 et
317 2360 393 2425 tuos
416 2356 539 2424 amicos
561 2357 597 2422 in
618 2356 820 2442 provinciam
843 2357 994 2442 quasiin
1016 2379 1107 2444 prae·

58 2459 83 2501 ’ὁ
98 2444 173 2511 dam
190 2444 355 2512 invitabas
373 2448 408 2512 et
425 2467 499 2513 cum
516 2445 558 2511 iis
577 2466 615 2512 ac
632 2465 691 2530 per
708 2466 763 2512 eos
781 2445 982 2530 praedabare
1000 2450 1034 2511 et
1051 2468 1107 2512 eos

96 2533 132 2598 in
153 2533 305 2601 contione
328 2533 434 2600 anulis
458 2533 564 2600 aureis
588 2533 741 2618 donabas,
763 2554 831 2600 non
853 2535 1021 2600 statuebas
1044 2533 1108 2601 tibi
1180 2535 1182 2539 ’

95 2641 163 2690 uon
177 2622 284 2688 solum
297 2622 337 2688 de
350 2622 426 2708 tuis,
445 2623 502 2688 sed
516 2621 616 2687 etiam
631 2621 669 2688 de
682 2621 817 2689 illorum
829 2620 927 2689 factis
945 2623 1107 2689 rationem

97 2729 168 2776 esse
190 2710 408 2777 reddendam?

185 2795 268 2866 Cum
308 2798 370 2865 hos
411 2798 475 2864 sibi
516 2802 670 2883 quaestus
707 2799 932 2866 constituisset
967 2819 1105 2885 magnos
1124 2808 1159 2858 ³0

57 2901 83 2942 ³0
97 2889 196 2972 atque
230 2887 347 2952 uberes
383 2908 423 2953 ex
457 2887 499 2953 iis
535 2887 655 2972 causis,
693 2909 773 2973 quas
807 2887 878 2973 ipse
917 2886 1107 2952 instituerat

96 2995 170 3040 cum
210 2975 360 3059 coneilio,
400 2975 463 3042 hoc
503 2979 554 3040 est
595 2997 668 3042 cnm
704 2997 764 3042 sua
799 2975 947 3059 cohorte,
988 2995 1106 3061 cogno·

97 3083 198 3146 scere,
224 3065 296 3130 tum
321 3063 406 3129 illud
431 3061 597 3129 infinitum
625 3084 727 3150 genus
754 3063 924 3129 invenerat
949 3058 991 3127 ad
1012 3061 1105 3128 innu-

95 3150 287 3216 merabilem
316 3149 487 3237 pecuniam
519 3151 764 3238 corripiendam.
813 3148 957 3216 Dubium
984 3150 1159 3217 nemini12

96 3241 160 3323 est,
195 3238 274 3324 quin
306 3261 418 3306 omnes
451 3240 596 3306 omnium
627 3239 783 3325 pecuniae
814 3238 942 3325 positae
974 3238 1041 3304 sint
1071 3238 1107 3304 in

54 3341 82 3382 ⁸⁶
96 3347 209 3393 eornm
240 3331 419 3414 potestate,
456 3328 512 3414 qui
543 3327 662 3394 iudicia
693 3327 786 3413 dant,
822 3331 855 3393 et
889 3348 1014 3412 eornm,
1051 3327 1107 3412 qui

93 3414 248 3502 iudicant,
271 3416 351 3502 quin
367 3439 464 3484 nemo
486 3420 633 3483 vestrum
650 3415 762 3502 possit
785 3415 880 3498 aedes
903 3436 988 3499 suas,
1009 3435 1105 3482 nemo

92 3503 244 3589 fundum,
269 3527 366 3572 nemo
388 3505 476 3572 bona
498 3505 608 3592 patria
631 3504 791 3591 obtinere,
818 3503 860 3590 si,
886 3525 959 3572 cum
980 3504 1060 3571 haec
1086 3527 1106 3570 a

146 3615 247 3662 crum
262 3621 280 3659 1.
860 3613 893 3663 14
