2622 3884
23 238 26 244 .
137 185 203 252 346
437 183 473 237 ΙΝ
496 182 525 240 O.
540 182 697 237 VERREM
714 182 797 239 ΑΟΤ.
816 184 850 238 Π.

77 347 136 397 rso
203 330 288 396 Hinc
305 329 363 394 ille
385 333 436 394 ost
460 329 575 394 anulus
599 351 726 411 aureus,
749 350 814 413 quo
837 332 875 394 tu
898 329 997 394 istum
1019 329 1054 394 in
1078 352 1154 395 con·

135 421 225 486 tione
250 418 392 501 donasti3
421 421 583 502 quastus
607 417 739 482 donatio
764 417 927 503 singulari
949 419 1154 503 impudentia

135 531 221 574 nova
250 505 367 572 Siculis
400 506 563 590 omnibus,
595 506 677 570 mihi
708 527 786 572 vero
819 507 918 571 etism
949 507 1152 574 incredibilis

136 597 316 662 videbatur.
361 592 465 680 Saepe
496 595 583 660 enim
611 593 717 659 nostri
744 594 959 679 imperatores
988 597 1152 679 superatis

136 686 213 751 host
199 685 297 767 tibus,
320 683 443 768 optima
464 705 501 748 re
522 683 654 768 publica
677 685 772 768 gesta
794 683 919 748 scribas
943 705 1019 748 suos
1042 684 1181 748 anuliss

137 774 243 838 aureis
274 772 309 836 in
340 772 491 838 contione
523 771 697 854 donarunt,
729 775 767 835 tu
797 793 874 836 vero
908 771 1025 855 quibus
1052 772 1152 837 rebus

137 865 211 948 gest
211 862 254 944 is,
281 882 345 945 quo
372 859 468 925 hoste
496 863 648 944 superato
677 859 862 924 contionem
888 859 1029 924 donandi
1052 882 1154 926 causa

138 951 295 1017 advocare
313 969 411 1013 ansus
430 950 488 1013 es?
523 947 637 1034 Neque
656 947 743 1012 enim
762 947 869 1013 solnm
893 948 1035 1013 scribam
1057 952 1153 1013 tuum

138 1040 246 1124 anulo,
269 1038 326 1103 sad
349 1037 449 1102 etiam
471 1036 578 1102 ιιιιιι
599 1034 818 1101 fortissimum
841 1036 951 1102 actui
974 1036 1154 1102 dissimilli-

138 1151 240 1210 mum,
273 1126 310 1203 Q
334 1125 507 1208 Rubrium,
541 1124 752 1190 excellentem
779 1124 914 1208 virtute,
946 1125 1153 1209 auctoritate,
1169 1143 1196 1184 ro

138 1215 254 1300 copiis,
277 1236 398 1280 corona
421 1217 454 1277 et
476 1213 620 1314 phaleris
644 1215 715 1277 ιιι
716 1235 816 1297 orque
840 1175 982 1296 donbsti,
1010 1213 1053 1278 M.
1072 1211 1154 1280 Oos-

139 1305 271 1386 sutiam,
294 1301 537 1366 sanctissimum
559 1301 666 1366 virum
689 1305 786 1403 atqua
809 1263 1085 1386 honestissimum,
1108 1301 1153 1367 M.

139 1353 348 1473 Castricium,
380 1411 507 1455 summo
536 1388 761 1474 splendore,
751 1389 896 1474 mgenio,
924 1390 1032 1476 gratia
1058 1412 1154 1474 prae-

88 1488 137 1539 186
157 1480 270 1544 ditum.
320 1440 404 1554 Quid
430 1478 511 1543 haec
539 1477 603 1542 sibi
625 1478 742 1543 horum
764 1478 866 1543 trium
890 1478 1009 1544 civium
1032 1479 1154 1544 Roma-

138 1590 255 1633 norum
267 1566 352 1632 dona
362 1566 558 1632 voluerunt?
582 1565 708 1632 Siculos
721 1570 891 1652 praetereo
904 1567 1154 1651 potentissimos
1168 1585 1197 1627 ιι

138 1656 426 1740 nobilissimosque
457 1655 600 1738 donasti,
632 1655 688 1738 qui
714 1676 794 1740 non,
827 1677 923 1739 quem
950 1655 992 1720 ad
1018 1656 1154 1722 modum

139 1745 293 1829 sperasti,
318 1744 478 1808 tardiores
501 1744 645 1826 fuerunt,
669 1743 726 1808 sad
749 1744 930 1809 ornatiores
952 1747 1010 1809 tuo
1032 1744 1153 1810 iudicio

139 1834 181 1898 ad
208 1832 397 1898 testimonia
425 1831 558 1897 dicenda
583 1834 750 1896 venerunt.
796 1831 920 1908 Quibus
946 1854 985 1897 ex
1006 1833 1154 1898 hostium

140 1922 268 2006 spoliis,
296 1921 335 1985 de
363 1943 427 2006 qus
453 1919 605 2002 victoria,
633 1942 697 2005 qua
722 1942 761 1984 ex
783 1919 905 2004 praeda
928 1943 966 1986 ac
988 1921 1153 1986 manubiis

138 2010 219 2075 haec
237 2010 296 2076 abs
320 2013 354 2074 te
371 2009 510 2075 donatio
533 2008 713 2074 constituta
735 2009 807 2072 est?
831 2031 874 2073 an
897 2009 983 2093 quod
1004 2013 1038 2075 te
1060 2032 1154 2095 prae
1168 2029 1198 2070 so
1297 2017 1310 2044 “

139 2103 211 2163 tore
238 2119 415 2183 paucorum
443 2097 584 2162 adventu
609 2118 844 2180 myoparonum
868 2097 982 2162 classis
1004 2098 1155 2182 pulcher-

139 2187 232 2270 rima,
246 2183 375 2251 Siciliae
389 2185 587 2270 praesidium
600 2185 944 2271 propugnaculumque
957 2187 1153 2272 provinciae,

139 2275 321 2360 piratarum
350 2273 501 2338 manibus
524 2273 656 2338 incensa
678 2274 750 2338 est?
783 2295 825 2338 an
848 2274 934 2358 quod
956 2296 1036 2360 ager
1058 2273 1154 2360 Syra-

140 2383 279 2428 cusanus
297 2360 497 2446 praedonum
514 2361 671 2427 incendiis
689 2365 723 2426 te
741 2365 894 2446 praetore
910 2366 1059 2428 vastatus
1078 2365 1154 2430 est?

139 2449 434 2603 bullit&
462 2447 966 2640 {Mulfflllltumdlr‘llltlst
993 2451 1154 2625 ἱιὲιιὲ
1167 2469 1196 2511 ‘⁶

140 2648 297 2711 myoparo
315 2626 505 2711 navigavit?
546 2624 640 2690 Nihil
658 2648 792 2711 possum
814 2627 965 2712 reperire,
988 2649 1086 2730 quam
1110 2630 1154 2694 ob

140 2738 210 2780 rem
228 2715 290 2780 tc
280 2737 315 2779 m
332 2715 432 2779 istam
451 2714 628 2779 amentiam
646 2714 798 2780 incidisse
816 2715 1154 2799 arbitrer,nis1forte

139 2804 174 2869 id
205 2803 317 2890 egisti,
348 2806 386 2868 ut
416 2802 603 2868 hominibus
634 2824 676 2866 ne
708 2803 857 2868 oblivisci
886 2766 1016 2888 quidem
1042 2825 1155 2871 rerum

139 2896 272 2958 tuarum
295 2893 395 2973 [male
418 2893 599 2977 gestarum]
622 2891 745 2956 liceret.
1168 2912 1196 2953 so

89 2989 139 3039 ιιι
207 2980 316 3045 Anulo
338 2983 389 3044 est
413 3001 510 3044 aureo
534 2979 640 3044 scriba
663 2979 816 3064 donatus,
839 2985 873 3045 et
896 2979 937 3045 sd
960 3002 1032 3045 eam
1056 2979 1155 3048 dona-

140 3069 265 3134 tionem
283 3069 393 3135 oontio
412 3071 462 3132 est
481 3067 647 3134 advocata.
684 3067 778 3144 Quod
800 3072 871 3134 erat
894 3089 931 3134 os
953 3072 1056 3154 tunm,
1079 3091 1155 3135 cum

139 3157 274 3223 videbas
302 3157 350 3238 [in
376 3156 540 3238 contione]
566 3177 621 3220 eos
644 3155 806 3241 homines,
834 3179 972 3242 quorum
996 3179 1034 3222 ex
1058 3158 1155 3225 bonis

139 3245 241 3310 istum
273 3245 372 3310 anulo
403 3266 501 3309 aureo
529 3244 687 3328 donabas,
719 3245 775 3330 qui
801 3244 866 3329 ipsi
893 3246 1009 3311 anulos
1037 3269 1154 3313 aureos

139 3336 316 3415 posuerant
343 3332 519 3416 liberisque
542 3333 609 3397 suis
633 3332 852 3418 detraxerant,
879 3338 917 3399 ιι
940 3337 1040 3419 esset,
1067 3337 1155 3402 unde
1169 3352 1196 3395 ιι

140 3419 249 3483 scriba
270 3422 345 3483 tuus
369 3419 431 3484 hoc
453 3423 547 3484 tuum
569 3442 686 3484 munus
710 3443 747 3486 ac
770 3422 962 3489 beneficium
984 3425 1155 3490 tueretur?

140 3525 223 3587 quae
241 3527 339 3588 porro
351 3510 416 3576 ,tua
432 3506 594 3591 praelatio
613 3508 797 3574 donationis
817 3509 904 3577 fuit?
939 3509 1004 3576 Illa
1027 3512 1155 3578 scilicet
