2622 3884
178 196 245 262 354
476 191 516 246 ru
535 193 564 248 o.
583 190 739 248 vunanu
757 189 836 246 lou
855 191 889 247 u

177 340 241 406 hoo
265 338 321 423 iis,
349 336 404 422 qui
431 336 567 402 aderant
594 333 685 422 (nam
712 357 831 422 magno
856 339 1017 402 conventu
1041 339 1191 402 uetares

178 425 252 514 est),
290 425 553 512 indignissimum
588 425 773 509 videbatur,
814 446 879 509 qua
914 424 950 489 in
984 445 1021 489 re
1057 429 1191 490 senatus

178 516 301 602 optime
320 536 357 580 ao
380 512 612 600 benignissime
635 536 709 579 cum
733 513 918 578 aratoribus
942 512 1073 600 egisset,
1096 515 1192 599 large

177 604 421 687 liberaliterque
436 602 650 685 aestimasset,
667 600 704 666 in
718 623 757 666 ea
774 623 808 666 re
826 601 977 687 praedari
994 606 1191 687 praetorem,

177 692 272 758 bonis
300 691 402 757 everti
430 694 589 775 aratores,
617 694 650 755 et
675 690 709 754 id
735 712 802 755 non
829 689 925 756 modo
950 690 1035 775 fieri,
1062 691 1219 756 sedites

177 780 261 865 fieri,
285 780 378 864 quasi
402 780 498 844 liceat
521 800 772 863 concessumque
795 779 847 843 sit.

123 882 177 934 205
245 867 329 945 Quid
360 867 402 933 ad
432 867 513 932 haec
539 866 756 932 Hortensius?
793 867 914 932 falsum
947 888 1017 932 esse
1043 867 1191 933 crimen?

177 957 250 1024 Hoc
276 978 453 1040 numquam
481 955 574 1020 dicet.
618 955 696 1020 Non
723 976 878 1041 magnam
900 956 962 1021 hac
984 955 1111 1020 ratione
1134 977 1192 1040 pe-

178 1047 307 1113 cuniam
329 1045 482 1130 captam?
523 1043 573 1109 Ne
596 1043 630 1108 id
653 1043 781 1127 quidem
805 1044 898 1109 dicet.
938 1042 1015 1110 Non
1036 1044 1192 1109 iniuriam

177 1136 300 1201 factam
321 1131 437 1200 Siculis
461 1136 559 1217 atque
582 1132 790 1198 aratoribus?
831 1132 894 1209 Qui
915 1132 1039 1217 poterit
1061 1133 1191 1198 dicere?
1207 1154 1234 1194 ιο

179 1223 263 1299 Quid
276 1222 379 1308 igitur
396 1221 501 1286 dicet?
533 1219 661 1286 Fecisse
681 1220 773 1285 alios.
805 1218 889 1296 Quid
907 1225 958 1287 est
974 1221 1060 1287 hoe?
1078 1225 1192 1286 utrum

179 1311 307 1378 crimini
339 1308 480 1374 defensio
510 1330 552 1373 an
578 1309 753 1374 comitatus
782 1309 878 1374 exilio
907 1310 1095 1394 quaeritur?
1140 1309 1192 1374 'Pu

177 1400 214 1464 in
239 1399 301 1464 hac
325 1419 361 1462 re
383 1397 515 1482 publica
537 1400 635 1481 atque
658 1397 692 1462 in
713 1397 776 1463 hae
798 1397 967 1463 hominum
990 1398 1125 1463 libidine
1148 1403 1192 1484 et,

178 1491 216 1552 ut
244 1487 349 1551 adhuc
376 1485 492 1550 habuit
515 1506 550 1550 se
573 1489 679 1550 status
702 1485 908 1571 iudiciorum,
936 1485 1035 1552 etiam
1057 1486 1193 1552 licentia

180 1578 259 1656 [non
282 1597 321 1639 ex
343 1574 421 1658 iure,
444 1595 511 1638 non
534 1595 573 1638 ex
596 1574 783 1659 aequitate]
805 1596 872 1639 uon
895 1575 1039 1661 exlege,
1061 1597 1130 1640 uon
1152 1597 1192 1641 ex
1208 1595 1236 1637 1⁵

179 1685 231 1749 eo,
261 1663 347 1748 quod
374 1661 569 1747 oportuerit,
600 1684 667 1727 non
694 1684 733 1727 ex
760 1683 814 1748 eo,
846 1662 933 1747 quod
959 1663 1102 1747 licuerit,
1135 1664 1194 1728 sed

180 1775 219 1817 ex
252 1773 303 1838 ee,
336 1752 422 1836 quod
454 1750 555 1834 aliqui
585 1750 711 1835 fecerit,
742 1750 790 1835 id,
823 1751 909 1835 quod
935 1751 1193 1837 reprelienditur,

125 1852 178 1902 206
197 1843 284 1906 recle
302 1839 426 1905 factum
444 1860 514 1903 esse
537 1838 710 1904 defendes?
752 1837 912 1904 Fecerunt
935 1840 992 1905 alii
1014 1839 1038 1924 †
1061 1840 1193 1925 quidem

180 1929 245 1995 alia
264 1951 362 2013 quam
380 1928 497 2011 multa,
522 1949 577 1992 cur
596 1927 632 1992 in
654 1926 716 1992 hoc
738 1949 803 1993 uno
826 1927 961 1993 crimine
983 1928 1049 1994 isto
1073 1950 1193 2015 genere

180 2017 375 2083 defensionis
389 2016 512 2082 uteris?
550 2012 633 2080 Sunt
652 2015 811 2099 quaedam
829 2016 960 2082 omnino
978 2016 1064 2082 inte
1083 2017 1194 2104 singu·
1207 2038 1237 2079 1ο
1303 2017 1308 2032 '

179 2106 272 2190 laria,
296 2127 378 2190 quae
396 2105 432 2169 in
448 2105 576 2169 nullum
594 2104 760 2169 hominem
783 2103 884 2170 alium
907 2104 970 2170 diei
990 2127 1094 2190 neque
1118 2128 1195 2172 con-

179 2194 289 2259 venire
316 2192 457 2278 possint,
486 2192 644 2276 quaedam
670 2191 733 2257 tibi
761 2215 833 2258 cum
861 2193 975 2258 multis
998 2194 1194 2260 eommunia.

179 2281 279 2367 Ergo,
302 2284 340 2345 ut
358 2281 509 2346 omittam
527 2284 601 2346 tuos
622 2281 799 2366 peculatus,
821 2285 859 2346 ut
882 2282 924 2346 ob
947 2281 999 2348 ius
1022 2281 1194 2349 dicendum

179 2368 332 2454 pecunias
356 2372 518 2454 acceptas,
540 2373 578 2434 ut
600 2370 669 2433 eius
692 2368 781 2434 modi
803 2374 923 2454 cetera,
947 2391 1029 2455 quae
1050 2369 1195 2436 forsitan

180 2457 238 2523 alii
257 2478 384 2541 quoque
404 2456 503 2522 etiam
521 2457 665 2540 fecerint,
688 2456 779 2542 illud,
801 2457 836 2521 in
855 2479 918 2542 quo
940 2461 974 2523 te
998 2459 1194 2545 gravissime
1210 2480 1240 2523 ss
1307 2509 1308 2512 ¹

181 2545 339 2629 accusavi,
358 2545 444 2629 quod
457 2546 499 2610 ob
513 2545 718 2610 iudicandam
731 2567 801 2609 rem
814 2546 984 2630 pecuniam
1003 2547 1197 2633 accepisses,

181 2634 293 2699 eadem
325 2633 391 2698 ista
417 2633 543 2698 ratione
573 2633 736 2717 defendes,
762 2632 877 2699 fecisse
906 2634 1010 2700 alios?
1055 2633 1102 2699 Ut
1130 2657 1196 2722 ego

181 2721 346 2788 adsentiar
373 2721 527 2806 orationi,
560 2721 778 2787 defensionem
804 2726 916 2787 tamen
941 2744 1009 2787 non
1034 2723 1197 2808 probabo

179 2811 294 2876 Potius
309 2810 394 2875 enim
413 2814 446 2874 te
465 2810 620 2875 damnato
639 2810 754 2879 ceteris
774 2810 943 2896 angustior
961 2811 1051 2877 locus
1069 2810 1196 2898 impro-

180 2898 295 2965 bitatis
315 2897 531 2963 defendendae
548 2898 762 2983 relinquatur,
785 2921 883 2982 quam
901 2902 935 2964 te
953 2900 1105 2966 absoluto
1125 2901 1196 2988 alii,
1211 2922 1241 2964 so
1306 2905 1307 2910 ’

182 2987 268 3072 quod
287 2986 510 3052 audacissume
527 2986 682 3071 fecerunt,
703 2990 790 3054 recte
808 2987 923 3053 fecisse
947 2986 1195 3057 existumentur.

126 3043 180 3172 {097
247 3074 376 3162 Lugent
394 3097 505 3140 omnes
523 3074 718 3160 provinciae,
742 3080 921 3160 queruntur
944 3097 1054 3154 omnes
1077 3078 1198 3162 populi

182 3163 291 3247 liberi,
323 3184 425 3249 regna
457 3163 593 3248 denique
625 3163 724 3228 etiam
752 3163 861 3229 omnia
889 3163 927 3228 de
951 3164 1075 3230 nostris
1103 3166 1196 3252 cupi·
1306 3201 1307 3216 1

181 3251 339 3315 ditatibus
358 3255 392 3315 et
409 3250 536 3316 iniuriis
560 3251 780 3337 expostulant,
803 3252 894 3318 locus
917 3252 1006 3317 intra
1028 3251 1196 3320 Oceanum

180 3338 247 3402 iam
273 3338 384 3422 nullus
410 3342 461 3404 est
482 3361 586 3423 neque
609 3343 678 3405 tam
702 3340 899 3426 longinquus
922 3362 1027 3425 neque
1050 3344 1120 3406 tam
1142 3365 1195 3408 re·
1210 3360 1238 3403 11

181 3424 342 3508 conditus,
370 3448 433 3509 quo
460 3447 527 3491 non
552 3448 611 3511 per
637 3428 719 3494 haec
747 3432 897 3513 tempora
922 3433 1112 3495 nostrorum
1134 3430 1195 3498 ho-
1306 3441 1307 3498 ξ

180 3511 304 3574 minum
333 3512 435 3577 libido
462 3513 684 3600 iniquitasque
712 3517 906 3606 pervaserit3
939 3519 1099 3584 sustinere
1125 3519 1194 3586 iam
1306 3523 1307 3527 ’
