2524 3876
386 163 464 218 CAP.
484 170 587 219 37-39
607 169 622 229 6
642 169 789 219 ros-115.
1053 163 1096 228 67

79 330 253 374 commune
266 307 464 394 praesidium
479 311 520 393 et,
539 311 697 393 quantum
710 308 745 374 in
762 307 835 394 ipso
854 311 914 393 est,
933 307 1096 374 disturbat

78 397 170 464 vitae
194 397 392 462 societatem.
432 395 509 463 Non
531 397 617 462 enim
640 419 813 483 possumus
833 396 942 462 omnia
955 419 1014 482 per
1035 419 1095 462 nos

38 497 40 502 ’
79 507 194 573 agere3
213 485 297 551 alius
310 485 346 550 in
365 485 430 551 alia
445 489 495 551 est
509 507 545 551 re
559 486 665 572 magis
679 485 780 551 utilis.
793 484 918 551 Idcirco
933 486 1096 552 amicitiae

79 577 328 660 comparantur,
354 578 391 639 ut
414 595 583 640 commune
606 573 811 642 commodum
833 574 956 640 mutuis
979 574 1095 640 officiis

47 682 62 722 s
79 663 291 750 gubernetur.
314 661 397 739 Quid
410 663 528 748 recipis
542 663 741 747 mandatum,
757 663 786 728 si
800 666 857 727 aut
869 662 1078 750 neglecturus
1098 682 1149 732 112

79 755 141 818 aut
165 751 207 817 ad
228 754 322 816 tuum
344 751 549 817 commodum
571 773 785 818 conversurus
809 751 865 816 es?
885 773 941 816 cur
959 751 1040 817 mihi
1062 756 1096 818 te

80 839 181 905 offers
206 861 243 905 ac
266 839 345 904 meis
363 839 541 905 commodis
564 839 671 907 officio
693 839 847 905 simulato
867 838 1022 906 officis
989 844 1022 905 c
1041 841 1097 906 ob·
1153 865 1155 869 ·

79 929 175 993 stas?
207 927 332 993 Recede
351 928 390 993 de
408 928 527 994 medio·
519 950 604 1013 ,per
618 928 747 993 aliumt
733 927 923 1015 transigam
953 926 1096 1013 Suscipis

80 1038 165 1082 onus
204 1016 315 1100 officii,
352 1016 503 1101 quodte
485 1020 660 1102 eputas
672 1016 831 1082 sustinere
864 1038 973 1119 possc3
1010 1016 1096 1101 quod

36 1125 65 1164 rc
80 1104 218 1170 minime
235 1067 363 1170 videtur
384 1125 484 1206 grave
506 1104 558 1189 iis,
581 1105 637 1190 qui
659 1105 792 1170 minime
813 1104 878 1189 ipsi
901 1105 987 1170 leves
1011 1108 1096 1170 sunt.

78 1193 174 1280 Ergo
204 1192 322 1258 idcirco
350 1193 456 1278 turpis
483 1156 563 1258 haed
591 1194 687 1295 culpa
710 1196 774 1276 est,
802 1193 889 1277 quod
916 1193 995 1258 duas
1024 1215 1076 1258 res
1105 1194 1149 1262 39

80 1281 306 1346 sanctissimas
329 1281 446 1366 violat,
476 1280 655 1346 amicitiam
674 1285 711 1346 et
732 1243 838 1346 fidem.
883 1279 971 1346 Nam
992 1303 1097 1368 neque

78 1370 219 1436 mandat
204 1370 418 1454 tquisquam
445 1369 514 1435 fere
540 1369 605 1434 nisi
631 1369 734 1435 amico
747 1391 883 1472 neque.
898 1370 1001 1435 credit
1031 1370 1097 1435 nisi

41 1517 44 1522 .
79 1459 121 1542 ei,
141 1480 239 1542 quem
256 1458 384 1523 fidelem
403 1461 507 1544 putat.
538 1457 660 1524 Perdit
636 1458 756 1522 tissimi
775 1457 848 1523 est'
838 1458 901 1544 rgit
901 1480 940 1523 ur
953 1458 1096 1524 hominis

36 1565 64 1606 ιι
80 1547 183 1612 simul
207 1549 239 1611 et
263 1546 440 1612 amicitiam
463 1547 638 1612 dissolvere
662 1550 694 1611 et
716 1545 830 1612 fallere
854 1568 936 1630 eum,
960 1548 1014 1631 qui
1033 1548 1096 1613 lae·

80 1657 139 1701 sus
159 1657 226 1700 non
245 1639 340 1720 es‚set
361 1635 426 1699 nisi
444 1635 639 1700 credidisset.
680 1634 773 1700 Itane
791 1635 864 1700 est?
882 1635 917 1698 in
934 1634 1078 1701 minimis
1098 1650 1149 1701 118

78 1725 182 1789 rebus
214 1723 270 1808 qui
301 1723 435 1788 mandat
420 1726 491 1789 tum
522 1723 718 1824 neglexerit
751 1723 941 1808 turpissimo
977 1722 1096 1788 iudicio

78 1811 277 1878 condemnet
262 1815 317 1876 tur
338 1833 469 1877 necesse
487 1811 604 1895 est,1n
621 1833 657 1876 re
675 1773 769 1877 talita
787 1833 860 1877 cum
872 1810 916 1902 is,
939 1832 991 1877 cur
980 1811 1097 1876 fama

78 1900 221 1984 mortui,
251 1899 402 1966 fortunae
428 1899 495 1966 rivi
522 1900 765 1966 commendatae
793 1892 878 1964 sunt
897 1903 995 1985 atque
1024 1921 1097 1964 eon·
1169 1912 1171 1916 ’

33 2009 63 2048 20
78 1989 241 2091 creditae,
267 1988 448 2075 ignominia
470 1992 649 2073 mortuum,
678 1989 786 2071 iuopia
807 1989 910 2054 vicum
933 1987 1097 2073 adfecerit,

77 2079 180 2143 ism
145 2081 232 2142 mter
262 2077 380 2142 honest
365 2081 417 2142 tos
449 2076 665 2142 hominesat
631 2080 752 2178 atque
749 2076 847 2141 adeo
883 2077 968 2142 inter
1004 2038 1097 2142 vivod

76 2164 330 2233 numerabitur?
384 2165 424 2231 In
457 2165 601 2230 minimis
632 2165 835 2250 privatisque
866 2165 1029 2230 rebust
997 2165 1096 2231 etiam

77 2254 271 2342 neglegent
246 2253 506 2319 tmandati1a
496 2277 530 2318 m
560 2253 682 2319 crimen
703 2253 920 2338 iudiciumque
942 2253 1097 2319 infamiae

78 2345 229 2427 vocatur,
251 2346 350 2444 propt
351 2364 425 2408 erea
448 2342 544 2427 quod,
566 2341 595 2408 si
614 2345 703 2407 recte
720 2341 788 2425 fiat,
810 2341 905 2407 illum
922 2343 1097 2430 neglegere

34 2448 64 2490 aa
80 2433 247 2532 oporteat
270 2431 326 2516 qui
348 2430 519 2514 mandarit,
496 2433 609 2496 tnon
630 2429 734 2514 illum,
758 2429 814 2514 qui
836 2429 1043 2496 mandatum
1049 2452 1097 2496 re·

79 2518 247 2619 ceperit;
237 2541 273 2583 ιιι
290 2540 326 2584 re
343 2522 416 2584 tant
418 2542 447 2604 a,
465 2540 547 2603 quae
560 2518 689 2603 publice
704 2521 777 2605 gest
779 2521 846 2583 cat
847 2539 910 2603 que
924 2519 1097 2584 commissa

80 2607 138 2692 sit,
162 2606 219 2692 qui
240 2629 307 2672 non
327 2607 514 2694 neglegent
505 2629 538 2672 ra
557 2607 723 2692 privatum
742 2606 874 2692 aliquod
892 2607 1097 2692 commodum

79 2695 232 2779 laeserit,
264 2695 321 2760 sed
352 2695 488 2780 perfidia
516 2695 691 2782 legationis
726 2694 830 2780 ipsius
867 2695 1097 2778 caerimoniam

79 2783 241 2872 polluerit
268 2784 459 2870 maculaque
486 2783 654 2868 adfecerit,
687 2805 751 2867 qua
777 2783 805 2848 is
833 2784 966 2849 tandem
992 2804 1097 2868 poena

36 2892 65 2932 ³⁰
81 2873 255 2940 adficietur
278 2876 335 2938 aut
363 2894 427 2957 quo
453 2871 572 2937 iudicio
599 2871 767 2938 damnabit
753 2871 828 2936 tur?
876 2870 912 2938 si
937 2872 1021 2938 hanc
1049 2871 1079 2936 ei
1098 2884 1150 2934 111

80 2983 154 3028 rem
194 2959 350 3046 privatim
305 2958 457 3026 11n.Sex
493 2959 630 3026 Roscius
672 2959 905 3044 mandavisset
877 2963 984 3025 utt
1024 2981 1098 3025 cum

80 3049 300 3135 Chrysogono
318 3049 550 3152 transigereta
550 3052 628 3135 tque
643 3048 840 3133 decideret,
830 3069 928 3133 mque
942 3069 1014 3113 eam
1027 3058 1098 3112 rem
1172 3110 1173 3113 ,

79 3139 182 3204 fidem
205 3159 312 3222 suam,
340 3137 369 3202 si
392 3137 470 3223 quid
492 3158 573 3223 opus
597 3158 667 3202 esse
695 3140 841 3223 putaret,
866 3136 1098 3238 interponeret,
1198 3197 1202 3206 ,

79 3227 205 3312 illeque
243 3247 314 3291 sese
350 3225 514 3292 facturum
549 3226 736 3312 recepisset,
772 3246 891 3303 nonne,
929 3224 957 3289 si
989 3245 1028 3289 ex
1060 3245 1098 3289 eo

39 3333 67 3374 ³⁵
81 3315 219 3404 negotio
242 3315 409 3381 tantulum
428 3315 550 3380 iurem
569 3325 661 3380 suam
680 3312 902 3396 convertisset,
926 3313 1098 3378 damnatus

79 3427 141 3492 per
164 3403 327 3470 arbitrum
350 3408 383 3469 et
405 3425 473 3469 rem
492 3403 679 3469 restitueret
698 3406 731 3468 et
748 3401 956 3468 honestatem
970 3423 1099 3467 omnem

81 3491 274 3560 amitteret?
328 3490 423 3560 Nunc
451 3514 517 3558 nou
549 3491 632 3558 hauc
669 3491 698 3556 ei
734 3511 804 3555 rem
840 3486 912 3556 Sex.
943 3489 1079 3556 Roscius
1101 3499 1150 3550 115

848 3593 885 3647 ὅ*
