<?xml version="1.0" encoding="UTF-8"?>
<!DOCTYPE html PUBLIC "-//W3C//DTD XHTML 1.0 Transitional//EN"
    "http://www.w3.org/TR/xhtml1/DTD/xhtml1-transitional.dtd">
<html xmlns="http://www.w3.org/1999/xhtml" xml:lang="en" lang="en">
 <head>
  <title>
</title>
<meta http-equiv="Content-Type" content="text/html;charset=utf-8" />
  <meta name='ocr-system' content='tesseract 3.04.00' />
  <meta name='ocr-capabilities' content='ocr_page ocr_carea ocr_par ocr_line ocrx_word'/>
</head>
<body>
  <div class='ocr_page' id='page_1' title='image "./scriptaquaemans01mullgoog_0283.png"; bbox 0 0 2590 3884; ppageno 0'>
   <div class='ocr_carea' id='block_1_1' title="bbox 150 205 853 274">
    <p class='ocr_par' dir='ltr' id='par_1_1' title="bbox 150 205 853 274">
     <span class='ocr_line' id='line_1_1' title="bbox 150 205 853 274; baseline -0.023 1"><span class='ocrx_word' id='word_1_1' title='bbox 150 209 213 274; x_wconf 89' lang='grc'>168</span> <span class='ocrx_word' id='word_1_2' title='bbox 445 206 484 262; x_wconf 78' lang='grc'>111</span> <span class='ocrx_word' id='word_1_3' title='bbox 504 206 534 262; x_wconf 85' lang='lat' dir='ltr'>o.</span> <span class='ocrx_word' id='word_1_4' title='bbox 548 205 703 261; x_wconf 74' lang='lat' dir='ltr'>vanarn</span> <span class='ocrx_word' id='word_1_5' title='bbox 721 205 800 260; x_wconf 78' lang='lat' dir='ltr'>scr.</span> <span class='ocrx_word' id='word_1_6' title='bbox 820 207 853 260; x_wconf 91' lang='lat'>11.</span> 
     </span>
    </p>
   </div>
   <div class='ocr_carea' id='block_1_2' title="bbox 147 350 1290 1143">
    <p class='ocr_par' dir='ltr' id='par_1_2' title="bbox 148 350 1290 614">
     <span class='ocr_line' id='line_1_2' title="bbox 148 350 1290 438; baseline -0.002 -20"><span class='ocrx_word' id='word_1_7' title='bbox 148 355 177 419; x_wconf 90' lang='lat' dir='ltr'>si</span> <span class='ocrx_word' id='word_1_8' title='bbox 208 352 356 438; x_wconf 78' lang='lat' dir='ltr'>dixisset,</span> <span class='ocrx_word' id='word_1_9' title='bbox 392 353 478 436; x_wconf 91' lang='lat' dir='ltr'>quod</span> <span class='ocrx_word' id='word_1_10' title='bbox 508 351 572 417; x_wconf 89' lang='lat' dir='ltr'>iste</span> <span class='ocrx_word' id='word_1_11' title='bbox 603 351 767 435; x_wconf 87' lang='lat' dir='ltr'>iussisset,</span> <span class='ocrx_word' id='word_1_12' title='bbox 797 373 856 436; x_wconf 82' lang='lat' dir='ltr'>per</span> <span class='ocrx_word' id='word_1_13' title='bbox 888 350 1032 416; x_wconf 88' lang='lat' dir='ltr'>eiusdem</span> <span class='ocrx_word' id='word_1_14' title='bbox 1065 351 1163 416; x_wconf 85' lang='lat' dir='ltr'>istius</span> <span class='ocrx_word' id='word_1_15' title='bbox 1289 363 1290 366; x_wconf 76' lang='grc'>’</span> 
     </span>
     <span class='ocr_line' id='line_1_3' title="bbox 148 437 1164 527; baseline -0.002 -20"><span class='ocrx_word' id='word_1_16' title='bbox 148 442 279 508; x_wconf 78' lang='lat' dir='ltr'>lictores</span> <span class='ocrx_word' id='word_1_17' title='bbox 299 465 319 507; x_wconf 86' lang='lat' dir='ltr'>a</span> <span class='ocrx_word' id='word_1_18' title='bbox 336 441 459 527; x_wconf 91' lang='lat' dir='ltr'>populo</span> <span class='ocrx_word' id='word_1_19' title='bbox 478 440 648 525; x_wconf 91' lang='lat' dir='ltr'>pecuniam</span> <span class='ocrx_word' id='word_1_20' title='bbox 668 443 780 524; x_wconf 90' lang='lat' dir='ltr'>posset</span> <span class='ocrx_word' id='word_1_21' title='bbox 803 439 940 525; x_wconf 81' lang='lat' dir='ltr'><strong>exigere.</strong></span> <span class='ocrx_word' id='word_1_22' title='bbox 974 437 1058 504; x_wconf 83' lang='lat' dir='ltr'>Oum</span> <span class='ocrx_word' id='word_1_23' title='bbox 1082 440 1164 506; x_wconf 89' lang='lat' dir='ltr'>haec</span> 
     </span>
     <span class='ocr_line' id='line_1_4' title="bbox 149 528 1163 614; baseline -0.002 -18"><span class='ocrx_word' id='word_1_24' title='bbox 149 530 259 597; x_wconf 87' lang='lat' dir='ltr'>omnia</span> <span class='ocrx_word' id='word_1_25' title='bbox 277 534 371 595; x_wconf 88' lang='lat' dir='ltr'>tanta</span> <span class='ocrx_word' id='word_1_26' title='bbox 389 529 606 612; x_wconf 72' lang='lat' dir='ltr'>contentione,</span> <span class='ocrx_word' id='word_1_27' title='bbox 628 528 730 594; x_wconf 90' lang='lat' dir='ltr'>tantis</span> <span class='ocrx_word' id='word_1_28' title='bbox 754 528 856 613; x_wconf 92' lang='lat' dir='ltr'>copiis</span> <span class='ocrx_word' id='word_1_29' title='bbox 880 530 1064 614; x_wconf 82' lang='lat' dir='ltr'>agerentur,</span> <span class='ocrx_word' id='word_1_30' title='bbox 1088 550 1163 594; x_wconf 90' lang='lat' dir='ltr'>cum</span> 
     </span>
    </p>

    <p class='ocr_par' dir='ltr' id='par_1_3' title="bbox 147 616 1191 1143">
     <span class='ocr_line' id='line_1_5' title="bbox 147 616 1163 701; baseline 0 -19"><span class='ocrx_word' id='word_1_31' title='bbox 147 619 242 684; x_wconf 89' lang='lat' dir='ltr'>illum</span> <span class='ocrx_word' id='word_1_32' title='bbox 278 619 433 684; x_wconf 88' lang='lat' dir='ltr'>miserum</span> <span class='ocrx_word' id='word_1_33' title='bbox 465 618 562 683; x_wconf 90' lang='lat' dir='ltr'>multi</span> <span class='ocrx_word' id='word_1_34' title='bbox 597 620 798 701; x_wconf 85' lang='lat' dir='ltr'>accusarent,</span> <span class='ocrx_word' id='word_1_35' title='bbox 834 638 929 683; x_wconf 94' lang='lat' dir='ltr'>nemo</span> <span class='ocrx_word' id='word_1_36' title='bbox 964 616 1163 700; x_wconf 84' lang='lat' dir='ltr'>defenderet,</span> 
     </span>
     <span class='ocr_line' id='line_1_6' title="bbox 148 705 1191 791; baseline -0.002 -19"><span class='ocrx_word' id='word_1_37' title='bbox 148 729 285 791; x_wconf 91' lang='lat' dir='ltr'>cumque</span> <span class='ocrx_word' id='word_1_38' title='bbox 313 707 490 773; x_wconf 78' lang='lat' dir='ltr'>Dolabella</span> <span class='ocrx_word' id='word_1_39' title='bbox 521 729 595 772; x_wconf 89' lang='lat' dir='ltr'>cnm</span> <span class='ocrx_word' id='word_1_40' title='bbox 627 706 695 770; x_wconf 90' lang='lat' dir='ltr'>suis</span> <span class='ocrx_word' id='word_1_41' title='bbox 727 705 900 790; x_wconf 85' lang='lat' dir='ltr'>praefectis</span> <span class='ocrx_word' id='word_1_42' title='bbox 933 709 1099 791; x_wconf 88' lang='lat' dir='ltr'>pugnaret</span> <span class='ocrx_word' id='word_1_43' title='bbox 1127 706 1191 770; x_wconf 71' lang='lat' dir='ltr'>ino</span> 
     </span>
     <span class='ocr_line' id='line_1_7' title="bbox 148 793 1163 881; baseline -0.005 -19"><span class='ocrx_word' id='word_1_44' title='bbox 148 795 294 881; x_wconf 84' lang='lat' dir='ltr'>consilis,</span> <span class='ocrx_word' id='word_1_45' title='bbox 314 796 433 861; x_wconf 81' lang='lat' dir='ltr'>Verres</span> <span class='ocrx_word' id='word_1_46' title='bbox 456 795 605 860; x_wconf 85' lang='lat' dir='ltr'>fortunas</span> <span class='ocrx_word' id='word_1_47' title='bbox 628 793 684 880; x_wconf 85' lang='lat' dir='ltr'>agi</span> <span class='ocrx_word' id='word_1_48' title='bbox 708 815 783 859; x_wconf 89' lang='lat' dir='ltr'>suas</span> <span class='ocrx_word' id='word_1_49' title='bbox 807 794 936 878; x_wconf 89' lang='lat' dir='ltr'>diceret,</span> <span class='ocrx_word' id='word_1_50' title='bbox 959 794 1046 858; x_wconf 91' lang='lat' dir='ltr'>idem</span> <span class='ocrx_word' id='word_1_51' title='bbox 1070 795 1163 858; x_wconf 90' lang='lat' dir='ltr'>testi-</span> 
     </span>
     <span class='ocr_line' id='line_1_8' title="bbox 147 881 1164 967; baseline 0 -19"><span class='ocrx_word' id='word_1_52' title='bbox 147 885 294 950; x_wconf 91' lang='lat' dir='ltr'>monium</span> <span class='ocrx_word' id='word_1_53' title='bbox 318 884 451 967; x_wconf 90' lang='lat' dir='ltr'>diceret,</span> <span class='ocrx_word' id='word_1_54' title='bbox 472 884 558 948; x_wconf 91' lang='lat' dir='ltr'>idem</span> <span class='ocrx_word' id='word_1_55' title='bbox 582 886 669 948; x_wconf 89' lang='lat' dir='ltr'>esset</span> <span class='ocrx_word' id='word_1_56' title='bbox 691 881 727 948; x_wconf 93' lang='lat' dir='ltr'>in</span> <span class='ocrx_word' id='word_1_57' title='bbox 749 882 899 965; x_wconf 90' lang='lat' dir='ltr'>consilio,</span> <span class='ocrx_word' id='word_1_58' title='bbox 923 882 1009 946; x_wconf 90' lang='lat' dir='ltr'>idem</span> <span class='ocrx_word' id='word_1_59' title='bbox 1032 903 1164 948; x_wconf 89' lang='lat' dir='ltr'>accusa·</span> 
     </span>
     <span class='ocr_line' id='line_1_9' title="bbox 147 970 1163 1059; baseline -0.002 -21"><span class='ocrx_word' id='word_1_60' title='bbox 147 978 254 1038; x_wconf 89' lang='lat' dir='ltr'>torem</span> <span class='ocrx_word' id='word_1_61' title='bbox 276 976 439 1059; x_wconf 84' lang='lat' dir='ltr'>parasset,</span> <span class='ocrx_word' id='word_1_62' title='bbox 466 972 547 1037; x_wconf 90' lang='lat' dir='ltr'>haec</span> <span class='ocrx_word' id='word_1_63' title='bbox 569 993 642 1036; x_wconf 90' lang='lat' dir='ltr'>cum</span> <span class='ocrx_word' id='word_1_64' title='bbox 666 973 778 1036; x_wconf 90' lang='lat' dir='ltr'>omnia</span> <span class='ocrx_word' id='word_1_65' title='bbox 798 971 927 1054; x_wconf 90' lang='lat' dir='ltr'>fierent,</span> <span class='ocrx_word' id='word_1_66' title='bbox 951 975 985 1036; x_wconf 93' lang='lat' dir='ltr'>et</span> <span class='ocrx_word' id='word_1_67' title='bbox 1007 993 1083 1036; x_wconf 87' lang='lat' dir='ltr'>cum</span> <span class='ocrx_word' id='word_1_68' title='bbox 1105 970 1163 1036; x_wconf 76' lang='lat' dir='ltr'>bo</span> 
     </span>
     <span class='ocr_line' id='line_1_10' title="bbox 148 1059 1162 1143; baseline -0.003 -16"><span class='ocrx_word' id='word_1_69' title='bbox 148 1061 269 1127; x_wconf 86' lang='lat' dir='ltr'>minem</span> <span class='ocrx_word' id='word_1_70' title='bbox 306 1065 471 1128; x_wconf 87' lang='lat' dir='ltr'>constaret</span> <span class='ocrx_word' id='word_1_71' title='bbox 506 1059 660 1143; x_wconf 89' lang='lat' dir='ltr'>occisum,</span> <span class='ocrx_word' id='word_1_72' title='bbox 700 1062 811 1124; x_wconf 89' lang='lat' dir='ltr'>tamen</span> <span class='ocrx_word' id='word_1_73' title='bbox 846 1062 941 1125; x_wconf 89' lang='lat' dir='ltr'>tanta</span> <span class='ocrx_word' id='word_1_74' title='bbox 976 1059 1027 1124; x_wconf 83' lang='lat' dir='ltr'>vis</span> <span class='ocrx_word' id='word_1_75' title='bbox 1063 1059 1162 1124; x_wconf 90' lang='lat' dir='ltr'>istius</span> 
     </span>
    </p>
   </div>
   <div class='ocr_carea' id='block_1_3' title="bbox 95 1148 1206 1265">
    <p class='ocr_par' dir='ltr' id='par_1_4' title="bbox 95 1148 1206 1265">
     <span class='ocr_line' id='line_1_11' title="bbox 95 1148 1206 1265; baseline -0.003 -50"><span class='ocrx_word' id='word_1_76' title='bbox 95 1201 139 1265; x_wconf 76' lang='lat'>30</span> <span class='ocrx_word' id='word_1_77' title='bbox 148 1151 299 1234; x_wconf 91' lang='lat' dir='ltr'>iniuriae,</span> <span class='ocrx_word' id='word_1_78' title='bbox 332 1153 426 1215; x_wconf 85' lang='lat' dir='ltr'>tanta</span> <span class='ocrx_word' id='word_1_79' title='bbox 457 1149 493 1213; x_wconf 90' lang='lat' dir='ltr'>in</span> <span class='ocrx_word' id='word_1_80' title='bbox 518 1149 582 1213; x_wconf 90' lang='lat' dir='ltr'>istc</span> <span class='ocrx_word' id='word_1_81' title='bbox 610 1148 805 1233; x_wconf 81' lang='lat' dir='ltr'>improbitas</span> <span class='ocrx_word' id='word_1_82' title='bbox 833 1149 1025 1233; x_wconf 85' lang='lat' dir='ltr'>putabatur,</span> <span class='ocrx_word' id='word_1_83' title='bbox 1056 1151 1095 1212; x_wconf 89' lang='lat' dir='ltr'>ut</span> <span class='ocrx_word' id='word_1_84' title='bbox 1123 1149 1162 1212; x_wconf 94' lang='lat' dir='ltr'>de</span> <span class='ocrx_word' id='word_1_85' title='bbox 1179 1165 1206 1206; x_wconf 78' lang='grc' dir='ltr'>ιο</span> 
     </span>
    </p>
   </div>
   <div class='ocr_carea' id='block_1_4' title="bbox 96 1235 1164 1328">
    <p class='ocr_par' dir='ltr' id='par_1_5' title="bbox 96 1235 1164 1328">
     <span class='ocr_line' id='line_1_12' title="bbox 96 1235 1164 1328; baseline -0.002 -26"><span class='ocrx_word' id='word_1_86' title='bbox 96 1277 129 1328; x_wconf 74' lang='lat'>‘1⁶</span> <span class='ocrx_word' id='word_1_87' title='bbox 148 1238 341 1304; x_wconf 86' lang='lat' dir='ltr'>Philodamo</span> <span class='ocrx_word' id='word_1_88' title='bbox 361 1237 501 1322; x_wconf 89' lang='lat' dir='ltr'>amplius</span> <span class='ocrx_word' id='word_1_89' title='bbox 520 1237 795 1322; x_wconf 75' lang='lat' dir='ltr'>pronuntiaretur.</span> <span class='ocrx_word' id='word_1_90' title='bbox 832 1235 915 1312; x_wconf 84' lang='lat' dir='ltr'>Quid</span> <span class='ocrx_word' id='word_1_91' title='bbox 934 1257 994 1322; x_wconf 84' lang='lat' dir='ltr'>ego</span> <span class='ocrx_word' id='word_1_92' title='bbox 1018 1258 1105 1302; x_wconf 91' lang='lat' dir='ltr'>nunc</span> <span class='ocrx_word' id='word_1_93' title='bbox 1127 1237 1164 1301; x_wconf 89' lang='lat' dir='ltr'>in</span> 
     </span>
    </p>
   </div>
   <div class='ocr_carea' id='block_1_5' title="bbox 90 1324 1206 3621">
    <p class='ocr_par' dir='ltr' id='par_1_6' title="bbox 90 1324 1206 3621">
     <span class='ocr_line' id='line_1_13' title="bbox 149 1324 1162 1410; baseline -0.002 -20"><span class='ocrx_word' id='word_1_94' title='bbox 149 1327 254 1390; x_wconf 90' lang='lat' dir='ltr'>altera</span> <span class='ocrx_word' id='word_1_95' title='bbox 272 1326 398 1390; x_wconf 89' lang='lat' dir='ltr'>actione</span> <span class='ocrx_word' id='word_1_96' title='bbox 413 1324 471 1391; x_wconf 84' lang='lat' dir='ltr'>Cn</span> <span class='ocrx_word' id='word_1_97' title='bbox 480 1325 674 1391; x_wconf 89' lang='lat' dir='ltr'>Dolabellae</span> <span class='ocrx_word' id='word_1_98' title='bbox 693 1325 837 1409; x_wconf 85' lang='lat' dir='ltr'>spiritus,</span> <span class='ocrx_word' id='word_1_99' title='bbox 857 1325 934 1410; x_wconf 92' lang='lat' dir='ltr'>quid</span> <span class='ocrx_word' id='word_1_100' title='bbox 951 1325 1048 1389; x_wconf 91' lang='lat' dir='ltr'>huius</span> <span class='ocrx_word' id='word_1_101' title='bbox 1067 1325 1162 1390; x_wconf 90' lang='lat' dir='ltr'>lacri-</span> 
     </span>
     <span class='ocr_line' id='line_1_14' title="bbox 148 1411 1163 1498; baseline 0 -21"><span class='ocrx_word' id='word_1_102' title='bbox 148 1435 217 1478; x_wconf 90' lang='lat' dir='ltr'>mas</span> <span class='ocrx_word' id='word_1_103' title='bbox 237 1417 272 1478; x_wconf 90' lang='lat' dir='ltr'>et</span> <span class='ocrx_word' id='word_1_104' title='bbox 289 1414 552 1479; x_wconf 81' lang='lat' dir='ltr'>concursationes</span> <span class='ocrx_word' id='word_1_105' title='bbox 575 1413 749 1498; x_wconf 89' lang='lat' dir='ltr'>proferam,</span> <span class='ocrx_word' id='word_1_106' title='bbox 773 1413 850 1498; x_wconf 90' lang='lat' dir='ltr'>quid</span> <span class='ocrx_word' id='word_1_107' title='bbox 871 1411 906 1478; x_wconf 84' lang='grc' dir='ltr'>Ο.</span> <span class='ocrx_word' id='word_1_108' title='bbox 923 1411 1081 1496; x_wconf 86' lang='lat' dir='ltr'>Neronis,</span> <span class='ocrx_word' id='word_1_109' title='bbox 1096 1413 1163 1478; x_wconf 84' lang='lat' dir='ltr'>viri</span> 
     </span>
     <span class='ocr_line' id='line_1_15' title="bbox 148 1501 1162 1587; baseline -0.002 -20"><span class='ocrx_word' id='word_1_110' title='bbox 148 1502 265 1587; x_wconf 92' lang='lat' dir='ltr'>optimi</span> <span class='ocrx_word' id='word_1_111' title='bbox 288 1505 386 1586; x_wconf 88' lang='lat' dir='ltr'>atquc</span> <span class='ocrx_word' id='word_1_112' title='bbox 409 1501 681 1586; x_wconf 81' lang='lat' dir='ltr'>innocentissimi,</span> <span class='ocrx_word' id='word_1_113' title='bbox 703 1524 770 1566; x_wconf 92' lang='lat' dir='ltr'>non</span> <span class='ocrx_word' id='word_1_114' title='bbox 791 1501 892 1566; x_wconf 89' lang='lat' dir='ltr'>nullis</span> <span class='ocrx_word' id='word_1_115' title='bbox 915 1501 950 1566; x_wconf 93' lang='lat' dir='ltr'>in</span> <span class='ocrx_word' id='word_1_116' title='bbox 972 1501 1069 1566; x_wconf 88' lang='lat' dir='ltr'>rebus</span> <span class='ocrx_word' id='word_1_117' title='bbox 1094 1502 1162 1566; x_wconf 90' lang='lat' dir='ltr'>ani-</span> 
     </span>
     <span class='ocr_line' id='line_1_16' title="bbox 148 1589 1206 1675; baseline -0.001 -20"><span class='ocrx_word' id='word_1_118' title='bbox 148 1612 237 1655; x_wconf 90' lang='lat' dir='ltr'>mum</span> <span class='ocrx_word' id='word_1_119' title='bbox 264 1589 401 1656; x_wconf 90' lang='lat' dir='ltr'>nimium</span> <span class='ocrx_word' id='word_1_120' title='bbox 428 1591 580 1656; x_wconf 92' lang='lat' dir='ltr'>timidum</span> <span class='ocrx_word' id='word_1_121' title='bbox 607 1594 705 1675; x_wconf 89' lang='lat' dir='ltr'>atque</span> <span class='ocrx_word' id='word_1_122' title='bbox 734 1590 931 1656; x_wconf 79' lang='lat' dir='ltr'>demissum?</span> <span class='ocrx_word' id='word_1_123' title='bbox 964 1590 1021 1674; x_wconf 91' lang='lat' dir='ltr'>qui</span> <span class='ocrx_word' id='word_1_124' title='bbox 1042 1590 1078 1654; x_wconf 90' lang='lat' dir='ltr'>in</span> <span class='ocrx_word' id='word_1_125' title='bbox 1100 1590 1162 1654; x_wconf 90' lang='lat' dir='ltr'>illa</span> <span class='ocrx_word' id='word_1_126' title='bbox 1176 1606 1206 1648; x_wconf 83' lang='lat'>1⁵</span> 
     </span>
     <span class='ocr_line' id='line_1_17' title="bbox 147 1678 1163 1765; baseline 0 -22"><span class='ocrx_word' id='word_1_127' title='bbox 147 1701 182 1743; x_wconf 88' lang='lat' dir='ltr'>re</span> <span class='ocrx_word' id='word_1_128' title='bbox 211 1679 288 1764; x_wconf 90' lang='lat' dir='ltr'>qnid</span> <span class='ocrx_word' id='word_1_129' title='bbox 314 1679 420 1746; x_wconf 88' lang='lat' dir='ltr'>facere</span> <span class='ocrx_word' id='word_1_130' title='bbox 447 1679 605 1765; x_wconf 89' lang='lat' dir='ltr'>potuerit,</span> <span class='ocrx_word' id='word_1_131' title='bbox 632 1700 699 1744; x_wconf 94' lang='lat' dir='ltr'>non</span> <span class='ocrx_word' id='word_1_132' title='bbox 725 1679 883 1761; x_wconf 86' lang='lat' dir='ltr'>babebat,</span> <span class='ocrx_word' id='word_1_133' title='bbox 909 1678 974 1742; x_wconf 92' lang='lat' dir='ltr'>nisi</span> <span class='ocrx_word' id='word_1_134' title='bbox 998 1679 1099 1763; x_wconf 83' lang='lat' dir='ltr'>forte,</span> <span class='ocrx_word' id='word_1_135' title='bbox 1125 1678 1163 1743; x_wconf 88' lang='lat' dir='ltr'>id</span> 
     </span>
     <span class='ocr_line' id='line_1_18' title="bbox 148 1767 1162 1853; baseline -0.001 -20"><span class='ocrx_word' id='word_1_136' title='bbox 148 1769 235 1852; x_wconf 90' lang='lat' dir='ltr'>quod</span> <span class='ocrx_word' id='word_1_137' title='bbox 266 1789 378 1833; x_wconf 91' lang='lat' dir='ltr'>omnes</span> <span class='ocrx_word' id='word_1_138' title='bbox 409 1772 480 1833; x_wconf 91' lang='lat' dir='ltr'>tum</span> <span class='ocrx_word' id='word_1_139' title='bbox 512 1767 752 1851; x_wconf 88' lang='lat' dir='ltr'>desiderabant,</span> <span class='ocrx_word' id='word_1_140' title='bbox 784 1770 821 1832; x_wconf 89' lang='lat' dir='ltr'>ut</span> <span class='ocrx_word' id='word_1_141' title='bbox 849 1771 963 1853; x_wconf 84' lang='lat' dir='ltr'>ageret</span> <span class='ocrx_word' id='word_1_142' title='bbox 989 1789 1062 1832; x_wconf 90' lang='lat' dir='ltr'>eam</span> <span class='ocrx_word' id='word_1_143' title='bbox 1089 1788 1162 1832; x_wconf 89' lang='lat' dir='ltr'>rem</span> 
     </span>
     <span class='ocr_line' id='line_1_19' title="bbox 148 1854 1161 1939; baseline 0.002 -19"><span class='ocrx_word' id='word_1_144' title='bbox 148 1856 217 1921; x_wconf 90' lang='lat' dir='ltr'>sine</span> <span class='ocrx_word' id='word_1_145' title='bbox 231 1854 333 1922; x_wconf 87' lang='lat' dir='ltr'>Verre</span> <span class='ocrx_word' id='word_1_146' title='bbox 357 1859 391 1922; x_wconf 91' lang='lat' dir='ltr'>et</span> <span class='ocrx_word' id='word_1_147' title='bbox 413 1857 483 1921; x_wconf 77' lang='lat' dir='ltr'>aine</span> <span class='ocrx_word' id='word_1_148' title='bbox 500 1855 682 1921; x_wconf 87' lang='lat' dir='ltr'>Dolabella.</span> <span class='ocrx_word' id='word_1_149' title='bbox 720 1855 879 1939; x_wconf 80' lang='lat' dir='ltr'>Quicquid</span> <span class='ocrx_word' id='word_1_150' title='bbox 903 1859 990 1920; x_wconf 89' lang='lat' dir='ltr'>esset</span> <span class='ocrx_word' id='word_1_151' title='bbox 1014 1855 1083 1920; x_wconf 90' lang='lat' dir='ltr'>sine</span> <span class='ocrx_word' id='word_1_152' title='bbox 1106 1855 1161 1922; x_wconf 92' lang='lat' dir='ltr'>his</span> 
     </span>
     <span class='ocr_line' id='line_1_20' title="bbox 147 1944 1162 2030; baseline 0 -21"><span class='ocrx_word' id='word_1_153' title='bbox 147 1950 266 2029; x_wconf 90' lang='lat' dir='ltr'>actum,</span> <span class='ocrx_word' id='word_1_154' title='bbox 285 1967 397 2010; x_wconf 91' lang='lat' dir='ltr'>omnes</span> <span class='ocrx_word' id='word_1_155' title='bbox 411 1945 603 2030; x_wconf 83' lang='lat' dir='ltr'>probarent3</span> <span class='ocrx_word' id='word_1_156' title='bbox 620 1947 692 2009; x_wconf 92' lang='lat' dir='ltr'>tum</span> <span class='ocrx_word' id='word_1_157' title='bbox 708 1966 785 2010; x_wconf 86' lang='lat' dir='ltr'>vcro</span> <span class='ocrx_word' id='word_1_158' title='bbox 805 1944 891 2028; x_wconf 90' lang='lat' dir='ltr'>quod</span> <span class='ocrx_word' id='word_1_159' title='bbox 909 1944 1162 2029; x_wconf 89' lang='lat' dir='ltr'>pronuntiatum</span> 
     </span>
     <span class='ocr_line' id='line_1_21' title="bbox 148 2031 1206 2118; baseline 0 -21"><span class='ocrx_word' id='word_1_160' title='bbox 148 2036 207 2117; x_wconf 88' lang='lat' dir='ltr'>est,</span> <span class='ocrx_word' id='word_1_161' title='bbox 229 2055 296 2098; x_wconf 93' lang='lat' dir='ltr'>non</span> <span class='ocrx_word' id='word_1_162' title='bbox 319 2055 376 2118; x_wconf 85' lang='lat' dir='ltr'>per</span> <span class='ocrx_word' id='word_1_163' title='bbox 394 2031 558 2098; x_wconf 88' lang='lat' dir='ltr'>Neronem</span> <span class='ocrx_word' id='word_1_164' title='bbox 580 2033 767 2117; x_wconf 88' lang='lat' dir='ltr'>iudicatum,</span> <span class='ocrx_word' id='word_1_165' title='bbox 791 2033 845 2098; x_wconf 87' lang='lat' dir='ltr'>sed</span> <span class='ocrx_word' id='word_1_166' title='bbox 869 2054 928 2118; x_wconf 90' lang='lat' dir='ltr'>per</span> <span class='ocrx_word' id='word_1_167' title='bbox 948 2032 1161 2098; x_wconf 89' lang='lat' dir='ltr'>Dolabellam</span> <span class='ocrx_word' id='word_1_168' title='bbox 1176 2049 1206 2090; x_wconf 70' lang='lat'>2⁰</span> 
     </span>
     <span class='ocr_line' id='line_1_22' title="bbox 147 2120 1161 2206; baseline 0.001 -21"><span class='ocrx_word' id='word_1_169' title='bbox 147 2125 294 2205; x_wconf 90' lang='lat' dir='ltr'>ereptum</span> <span class='ocrx_word' id='word_1_170' title='bbox 314 2121 572 2187; x_wconf 85' lang='lat' dir='ltr'>existimabatur.</span> <span class='ocrx_word' id='word_1_171' title='bbox 613 2120 855 2186; x_wconf 79' lang='lat' dir='ltr'>Condemnatur</span> <span class='ocrx_word' id='word_1_172' title='bbox 878 2120 965 2186; x_wconf 91' lang='lat' dir='ltr'>enim</span> <span class='ocrx_word' id='word_1_173' title='bbox 987 2122 1161 2206; x_wconf 87' lang='lat' dir='ltr'>perpaucis</span> 
     </span>
     <span class='ocr_line' id='line_1_23' title="bbox 147 2207 1162 2293; baseline 0.002 -21"><span class='ocrx_word' id='word_1_174' title='bbox 147 2209 317 2274; x_wconf 88' lang='lat' dir='ltr'>sententiis</span> <span class='ocrx_word' id='word_1_175' title='bbox 345 2209 557 2275; x_wconf 89' lang='lat' dir='ltr'>Philodamus</span> <span class='ocrx_word' id='word_1_176' title='bbox 588 2213 622 2274; x_wconf 90' lang='lat' dir='ltr'>et</span> <span class='ocrx_word' id='word_1_177' title='bbox 655 2210 722 2274; x_wconf 90' lang='lat' dir='ltr'>eius</span> <span class='ocrx_word' id='word_1_178' title='bbox 753 2209 850 2275; x_wconf 88' lang='lat' dir='ltr'>filius.</span> <span class='ocrx_word' id='word_1_179' title='bbox 896 2207 1013 2292; x_wconf 82' lang='lat' dir='ltr'>Adest,</span> <span class='ocrx_word' id='word_1_180' title='bbox 1045 2209 1162 2293; x_wconf 91' lang='lat' dir='ltr'>instat,</span> 
     </span>
     <span class='ocr_line' id='line_1_24' title="bbox 146 2297 1161 2382; baseline 0.003 -23"><span class='ocrx_word' id='word_1_181' title='bbox 146 2301 242 2382; x_wconf 84' lang='lat' dir='ltr'>urget</span> <span class='ocrx_word' id='word_1_182' title='bbox 268 2297 458 2382; x_wconf 87' lang='lat' dir='ltr'>Dolabella,</span> <span class='ocrx_word' id='word_1_183' title='bbox 489 2301 526 2362; x_wconf 91' lang='lat' dir='ltr'>ut</span> <span class='ocrx_word' id='word_1_184' title='bbox 559 2318 658 2381; x_wconf 88' lang='lat' dir='ltr'>quam</span> <span class='ocrx_word' id='word_1_185' title='bbox 689 2297 831 2382; x_wconf 87' lang='lat' dir='ltr'>primum</span> <span class='ocrx_word' id='word_1_186' title='bbox 859 2297 964 2363; x_wconf 90' lang='lat' dir='ltr'>securi</span> <span class='ocrx_word' id='word_1_187' title='bbox 989 2297 1161 2382; x_wconf 84' lang='lat' dir='ltr'>feriantur,</span> 
     </span>
     <span class='ocr_line' id='line_1_25' title="bbox 147 2385 1161 2468; baseline 0.003 -20"><span class='ocrx_word' id='word_1_188' title='bbox 147 2406 211 2468; x_wconf 92' lang='lat' dir='ltr'>quo</span> <span class='ocrx_word' id='word_1_189' title='bbox 231 2406 329 2468; x_wconf 89' lang='lat' dir='ltr'>quam</span> <span class='ocrx_word' id='word_1_190' title='bbox 348 2386 480 2451; x_wconf 88' lang='lat' dir='ltr'>minime</span> <span class='ocrx_word' id='word_1_191' title='bbox 498 2385 596 2452; x_wconf 89' lang='lat' dir='ltr'>multi</span> <span class='ocrx_word' id='word_1_192' title='bbox 613 2407 652 2451; x_wconf 90' lang='lat' dir='ltr'>ex</span> <span class='ocrx_word' id='word_1_193' title='bbox 673 2385 741 2450; x_wconf 91' lang='lat' dir='ltr'>illis</span> <span class='ocrx_word' id='word_1_194' title='bbox 764 2386 804 2451; x_wconf 89' lang='lat' dir='ltr'>de</span> <span class='ocrx_word' id='word_1_195' title='bbox 826 2386 922 2451; x_wconf 88' lang='lat' dir='ltr'>istius</span> <span class='ocrx_word' id='word_1_196' title='bbox 944 2386 1069 2450; x_wconf 80' lang='lat' dir='ltr'>nefario</span> <span class='ocrx_word' id='word_1_197' title='bbox 1094 2408 1161 2452; x_wconf 91' lang='lat' dir='ltr'>sce·</span> 
     </span>
     <span class='ocr_line' id='line_1_26' title="bbox 93 2473 1204 2558; baseline 0.004 -22"><span class='ocrx_word' id='word_1_198' title='bbox 93 2493 127 2544; x_wconf 77' lang='lat' dir='ltr'>rs</span> <span class='ocrx_word' id='word_1_199' title='bbox 146 2473 213 2537; x_wconf 91' lang='lat' dir='ltr'>lere</span> <span class='ocrx_word' id='word_1_200' title='bbox 245 2474 355 2539; x_wconf 90' lang='lat' dir='ltr'>audire</span> <span class='ocrx_word' id='word_1_201' title='bbox 382 2478 525 2558; x_wconf 91' lang='lat' dir='ltr'>possent.</span> <span class='ocrx_word' id='word_1_202' title='bbox 574 2473 793 2540; x_wconf 83' lang='lat' dir='ltr'>Constituitur</span> <span class='ocrx_word' id='word_1_203' title='bbox 819 2475 855 2539; x_wconf 93' lang='lat' dir='ltr'>in</span> <span class='ocrx_word' id='word_1_204' title='bbox 880 2474 953 2540; x_wconf 89' lang='lat' dir='ltr'>foro</span> <span class='ocrx_word' id='word_1_205' title='bbox 980 2473 1161 2540; x_wconf 87' lang='lat' dir='ltr'>Laodiceae</span> <span class='ocrx_word' id='word_1_206' title='bbox 1176 2491 1204 2533; x_wconf 75' lang='lat'>2⁵</span> 
     </span>
     <span class='ocr_line' id='line_1_27' title="bbox 146 2563 1161 2649; baseline 0.004 -23"><span class='ocrx_word' id='word_1_207' title='bbox 146 2563 368 2646; x_wconf 87' lang='lat' dir='ltr'>spectaculum</span> <span class='ocrx_word' id='word_1_208' title='bbox 389 2564 542 2628; x_wconf 88' lang='lat' dir='ltr'>acerbum</span> <span class='ocrx_word' id='word_1_209' title='bbox 565 2566 598 2628; x_wconf 90' lang='lat' dir='ltr'>et</span> <span class='ocrx_word' id='word_1_210' title='bbox 620 2563 775 2628; x_wconf 87' lang='lat' dir='ltr'>miserum</span> <span class='ocrx_word' id='word_1_211' title='bbox 799 2567 832 2627; x_wconf 91' lang='lat' dir='ltr'>et</span> <span class='ocrx_word' id='word_1_212' title='bbox 855 2584 954 2649; x_wconf 83' lang='lat' dir='ltr'>grave</span> <span class='ocrx_word' id='word_1_213' title='bbox 976 2563 1040 2628; x_wconf 92' lang='lat' dir='ltr'>toti</span> <span class='ocrx_word' id='word_1_214' title='bbox 1058 2563 1161 2630; x_wconf 80' lang='lat' dir='ltr'>Asiae</span> 
     </span>
     <span class='ocr_line' id='line_1_28' title="bbox 145 2649 1160 2736; baseline 0.005 -23"><span class='ocrx_word' id='word_1_215' title='bbox 145 2649 339 2735; x_wconf 79' lang='lat' dir='ltr'>prouinciae,</span> <span class='ocrx_word' id='word_1_216' title='bbox 354 2651 486 2736; x_wconf 81' lang='lat' dir='ltr'>grandis</span> <span class='ocrx_word' id='word_1_217' title='bbox 500 2655 581 2716; x_wconf 88' lang='lat' dir='ltr'>natu</span> <span class='ocrx_word' id='word_1_218' title='bbox 594 2673 712 2736; x_wconf 88' lang='lat' dir='ltr'>parens</span> <span class='ocrx_word' id='word_1_219' title='bbox 727 2651 884 2717; x_wconf 89' lang='lat' dir='ltr'>adductus</span> <span class='ocrx_word' id='word_1_220' title='bbox 898 2651 939 2716; x_wconf 91' lang='lat' dir='ltr'>ad</span> <span class='ocrx_word' id='word_1_221' title='bbox 953 2652 1160 2736; x_wconf 88' lang='lat' dir='ltr'>supplicium,</span> 
     </span>
     <span class='ocr_line' id='line_1_29' title="bbox 146 2739 1159 2826; baseline 0.005 -24"><span class='ocrx_word' id='word_1_222' title='bbox 146 2760 184 2802; x_wconf 85' lang='lat' dir='ltr'>ex</span> <span class='ocrx_word' id='word_1_223' title='bbox 199 2739 304 2804; x_wconf 90' lang='lat' dir='ltr'>altera</span> <span class='ocrx_word' id='word_1_224' title='bbox 317 2742 411 2824; x_wconf 86' lang='lat' dir='ltr'>parte</span> <span class='ocrx_word' id='word_1_225' title='bbox 433 2739 535 2823; x_wconf 86' lang='lat' dir='ltr'>filius,</span> <span class='ocrx_word' id='word_1_226' title='bbox 557 2740 628 2822; x_wconf 90' lang='lat' dir='ltr'>ille,</span> <span class='ocrx_word' id='word_1_227' title='bbox 652 2740 739 2824; x_wconf 88' lang='lat' dir='ltr'>quod</span> <span class='ocrx_word' id='word_1_228' title='bbox 762 2739 953 2825; x_wconf 85' lang='lat' dir='ltr'>pudicitiam</span> <span class='ocrx_word' id='word_1_229' title='bbox 970 2739 1159 2826; x_wconf 89' lang='lat' dir='ltr'>liberorum,</span> 
     </span>
     <span class='ocr_line' id='line_1_30' title="bbox 144 2826 1159 2913; baseline 0.006 -23"><span class='ocrx_word' id='word_1_230' title='bbox 144 2826 211 2910; x_wconf 92' lang='lat' dir='ltr'>hic,</span> <span class='ocrx_word' id='word_1_231' title='bbox 239 2828 326 2911; x_wconf 90' lang='lat' dir='ltr'>quod</span> <span class='ocrx_word' id='word_1_232' title='bbox 352 2827 455 2893; x_wconf 85' lang='lat' dir='ltr'>vitam</span> <span class='ocrx_word' id='word_1_233' title='bbox 482 2828 585 2912; x_wconf 90' lang='lat' dir='ltr'>patris</span> <span class='ocrx_word' id='word_1_234' title='bbox 606 2827 794 2913; x_wconf 85' lang='lat' dir='ltr'>famamque</span> <span class='ocrx_word' id='word_1_235' title='bbox 817 2828 939 2894; x_wconf 89' lang='lat' dir='ltr'>sororis</span> <span class='ocrx_word' id='word_1_236' title='bbox 962 2827 1159 2896; x_wconf 86' lang='lat' dir='ltr'>defenderat.</span> 
     </span>
     <span class='ocr_line' id='line_1_31' title="bbox 143 2913 1202 3002; baseline 0.005 -24"><span class='ocrx_word' id='word_1_237' title='bbox 143 2913 261 2981; x_wconf 85' lang='lat' dir='ltr'>Flebat</span> <span class='ocrx_word' id='word_1_238' title='bbox 282 2919 417 2999; x_wconf 90' lang='lat' dir='ltr'>uterque</span> <span class='ocrx_word' id='word_1_239' title='bbox 435 2938 503 2981; x_wconf 92' lang='lat' dir='ltr'>non</span> <span class='ocrx_word' id='word_1_240' title='bbox 520 2916 559 2981; x_wconf 86' lang='lat' dir='ltr'>do</span> <span class='ocrx_word' id='word_1_241' title='bbox 578 2938 636 2982; x_wconf 88' lang='lat' dir='ltr'>suo</span> <span class='ocrx_word' id='word_1_242' title='bbox 656 2916 824 3002; x_wconf 89' lang='lat' dir='ltr'>supplicio,</span> <span class='ocrx_word' id='word_1_243' title='bbox 848 2917 904 2981; x_wconf 91' lang='lat' dir='ltr'>sed</span> <span class='ocrx_word' id='word_1_244' title='bbox 926 2923 1021 3001; x_wconf 89' lang='lat' dir='ltr'>pater</span> <span class='ocrx_word' id='word_1_245' title='bbox 1039 2919 1078 2982; x_wconf 89' lang='lat' dir='ltr'>dc</span> <span class='ocrx_word' id='word_1_246' title='bbox 1095 2917 1159 2983; x_wconf 87' lang='lat' dir='ltr'>lilii</span> <span class='ocrx_word' id='word_1_247' title='bbox 1173 2933 1202 2974; x_wconf 77' lang='lat'>³⁰</span> 
     </span>
     <span class='ocr_line' id='line_1_32' title="bbox 144 3003 1157 3090; baseline 0.004 -23"><span class='ocrx_word' id='word_1_248' title='bbox 144 3008 258 3088; x_wconf 89' lang='lat' dir='ltr'>morte,</span> <span class='ocrx_word' id='word_1_249' title='bbox 273 3004 311 3068; x_wconf 89' lang='lat' dir='ltr'>de</span> <span class='ocrx_word' id='word_1_250' title='bbox 325 3004 429 3089; x_wconf 90' lang='lat' dir='ltr'>patris</span> <span class='ocrx_word' id='word_1_251' title='bbox 443 3004 540 3071; x_wconf 91' lang='lat' dir='ltr'>filius.</span> <span class='ocrx_word' id='word_1_252' title='bbox 563 3003 647 3080; x_wconf 84' lang='lat' dir='ltr'>Quid</span> <span class='ocrx_word' id='word_1_253' title='bbox 656 3005 865 3072; x_wconf 86' lang='lat' dir='ltr'>lacrimarum</span> <span class='ocrx_word' id='word_1_254' title='bbox 875 3004 983 3090; x_wconf 86' lang='lat' dir='ltr'>ipsum</span> <span class='ocrx_word' id='word_1_255' title='bbox 992 3005 1157 3071; x_wconf 87' lang='lat' dir='ltr'>Neronem</span> 
     </span>
     <span class='ocr_line' id='line_1_33' title="bbox 144 3093 1158 3178; baseline 0.005 -23"><span class='ocrx_word' id='word_1_256' title='bbox 144 3093 269 3175; x_wconf 89' lang='lat' dir='ltr'>putatis</span> <span class='ocrx_word' id='word_1_257' title='bbox 296 3093 501 3177; x_wconf 87' lang='lat' dir='ltr'>profudisse?</span> <span class='ocrx_word' id='word_1_258' title='bbox 538 3113 634 3178; x_wconf 89' lang='lat' dir='ltr'>quem</span> <span class='ocrx_word' id='word_1_259' title='bbox 656 3094 769 3159; x_wconf 85' lang='lat' dir='ltr'>fletum</span> <span class='ocrx_word' id='word_1_260' title='bbox 796 3093 900 3160; x_wconf 86' lang='lat' dir='ltr'>totius</span> <span class='ocrx_word' id='word_1_261' title='bbox 920 3093 1020 3160; x_wconf 85' lang='lat' dir='ltr'>Asiae</span> <span class='ocrx_word' id='word_1_262' title='bbox 1047 3094 1158 3178; x_wconf 89' lang='lat' dir='ltr'>fuisse,</span> 
     </span>
     <span class='ocr_line' id='line_1_34' title="bbox 145 3180 1157 3268; baseline 0.005 -25"><span class='ocrx_word' id='word_1_263' title='bbox 145 3201 240 3262; x_wconf 92' lang='lat' dir='ltr'>quem</span> <span class='ocrx_word' id='word_1_264' title='bbox 254 3180 379 3246; x_wconf 91' lang='lat' dir='ltr'>luctum</span> <span class='ocrx_word' id='word_1_265' title='bbox 399 3185 432 3246; x_wconf 90' lang='lat' dir='ltr'>et</span> <span class='ocrx_word' id='word_1_266' title='bbox 450 3183 608 3268; x_wconf 83' lang='lat' dir='ltr'>gemitum</span> <span class='ocrx_word' id='word_1_267' title='bbox 627 3182 944 3268; x_wconf 82' lang='lat' dir='ltr'>Lampsacenorum?</span> <span class='ocrx_word' id='word_1_268' title='bbox 968 3183 1073 3248; x_wconf 87' lang='lat' dir='ltr'>securi</span> <span class='ocrx_word' id='word_1_269' title='bbox 1087 3205 1157 3249; x_wconf 87' lang='lat' dir='ltr'>esse</span> 
     </span>
     <span class='ocr_line' id='line_1_35' title="bbox 143 3269 1158 3357; baseline 0.005 -25"><span class='ocrx_word' id='word_1_270' title='bbox 143 3287 313 3351; x_wconf 87' lang='lat' dir='ltr'>percussos</span> <span class='ocrx_word' id='word_1_271' title='bbox 327 3269 475 3334; x_wconf 88' lang='lat' dir='ltr'>homines</span> <span class='ocrx_word' id='word_1_272' title='bbox 491 3270 678 3336; x_wconf 88' lang='lat' dir='ltr'>innocentes</span> <span class='ocrx_word' id='word_1_273' title='bbox 697 3271 834 3356; x_wconf 88' lang='lat' dir='ltr'>nobiles,</span> <span class='ocrx_word' id='word_1_274' title='bbox 848 3271 953 3336; x_wconf 89' lang='lat' dir='ltr'>socios</span> <span class='ocrx_word' id='word_1_275' title='bbox 967 3272 1082 3357; x_wconf 90' lang='lat' dir='ltr'>populi</span> <span class='ocrx_word' id='word_1_276' title='bbox 1095 3271 1158 3338; x_wconf 80' lang='lat' dir='ltr'>Ro</span> 
     </span>
     <span class='ocr_line' id='line_1_36' title="bbox 144 3356 1199 3446; baseline 0.009 -29"><span class='ocrx_word' id='word_1_277' title='bbox 144 3356 233 3419; x_wconf 88' lang='lat' dir='ltr'>mani</span> <span class='ocrx_word' id='word_1_278' title='bbox 250 3360 348 3440; x_wconf 84' lang='lat' dir='ltr'>atque</span> <span class='ocrx_word' id='word_1_279' title='bbox 367 3358 497 3442; x_wconf 87' lang='lat' dir='ltr'>amicos,</span> <span class='ocrx_word' id='word_1_280' title='bbox 513 3364 647 3443; x_wconf 90' lang='lat' dir='ltr'>propter</span> <span class='ocrx_word' id='word_1_281' title='bbox 665 3359 807 3425; x_wconf 91' lang='lat' dir='ltr'>hominis</span> <span class='ocrx_word' id='word_1_282' title='bbox 826 3358 1076 3446; x_wconf 85' lang='lat' dir='ltr'>flagitiosissimi</span> <span class='ocrx_word' id='word_1_283' title='bbox 1094 3361 1157 3426; x_wconf 91' lang='lat' dir='ltr'>sin-</span> <span class='ocrx_word' id='word_1_284' title='bbox 1172 3376 1199 3419; x_wconf 76' lang='lat'>³⁶</span> 
     </span>
     <span class='ocr_line' id='line_1_37' title="bbox 143 3441 1158 3533; baseline 0.012 -30"><span class='ocrx_word' id='word_1_285' title='bbox 143 3441 290 3524; x_wconf 85' lang='lat' dir='ltr'>gularem</span> <span class='ocrx_word' id='word_1_286' title='bbox 314 3444 494 3527; x_wconf 87' lang='lat' dir='ltr'>nequitiam</span> <span class='ocrx_word' id='word_1_287' title='bbox 516 3451 614 3529; x_wconf 89' lang='lat' dir='ltr'>atque</span> <span class='ocrx_word' id='word_1_288' title='bbox 636 3447 913 3531; x_wconf 88' lang='lat' dir='ltr'>improbissimam</span> <span class='ocrx_word' id='word_1_289' title='bbox 937 3449 1158 3533; x_wconf 87' lang='lat' dir='ltr'>cupiditatem.</span> 
     </span>
     <span class='ocr_line' id='line_1_38' title="bbox 90 3527 1159 3621; baseline 0.018 -36"><span class='ocrx_word' id='word_1_290' title='bbox 90 3537 123 3586; x_wconf 79' lang='lat' dir='ltr'>rr</span> <span class='ocrx_word' id='word_1_291' title='bbox 209 3527 279 3591; x_wconf 90' lang='lat' dir='ltr'>Iam</span> <span class='ocrx_word' id='word_1_292' title='bbox 302 3530 381 3614; x_wconf 88' lang='lat' dir='ltr'>iam,</span> <span class='ocrx_word' id='word_1_293' title='bbox 408 3531 596 3617; x_wconf 88' lang='lat' dir='ltr'>Dolabella,</span> <span class='ocrx_word' id='word_1_294' title='bbox 623 3555 727 3619; x_wconf 89' lang='lat' dir='ltr'>neque</span> <span class='ocrx_word' id='word_1_295' title='bbox 750 3556 802 3601; x_wconf 90' lang='lat' dir='ltr'>me</span> <span class='ocrx_word' id='word_1_296' title='bbox 824 3535 874 3601; x_wconf 91' lang='lat' dir='ltr'>tui</span> <span class='ocrx_word' id='word_1_297' title='bbox 896 3557 1002 3621; x_wconf 91' lang='lat' dir='ltr'>neque</span> <span class='ocrx_word' id='word_1_298' title='bbox 1024 3540 1159 3605; x_wconf 90' lang='lat' dir='ltr'>tuorum</span> 
     </span>
    </p>
   </div>
   <div class='ocr_carea' id='block_1_6' title="bbox 0 0 1300 3884">
    <p class='ocr_par' dir='ltr' id='par_1_7' title="bbox 0 0 1300 3884">
     <span class='ocr_line' id='line_1_39' title="bbox 0 0 1300 3884; baseline 0 1"><span class='ocrx_word' id='word_1_299' title='bbox 0 0 1300 3884; x_wconf 95' lang='lat' dir='ltr'> </span> 
     </span>
    </p>
   </div>
  </div>
 </body>
</html>
