2622 3884
347 144 414 203 ΜΒ,
433 145 473 202 1v
505 146 581 203 OAP.
601 153 706 203 ao-aa
724 153 739 214 s
758 155 873 206 cc-se.
1047 151 1113 218 383

100 290 168 375 sed,
192 289 310 375 quibus
328 291 433 356 multa
450 289 584 357 fortuna
607 292 790 377 ademisset,
813 296 925 358 tamen
947 295 1033 380 apud
1056 318 1113 362 eos

100 379 298 445 remansisse
322 400 369 463 ea,
392 401 474 464 quac
497 380 614 467 religio
637 380 834 447 retinuisset.
874 381 961 466 Dixi,
983 383 1113 471 iudices,
1131 400 1165 453 47

100 468 208 533 multa
225 467 327 534 fuisse
349 467 417 533 fere
440 468 526 553 apud
549 491 660 535 omnes
683 467 822 555 Siculos3
845 491 906 558 ego
930 471 1016 538 idem
1039 495 1113 540 con·

100 557 198 622 firmo
211 577 297 622 nunc
314 577 355 622 ne
373 578 474 622 unum
493 557 622 642 quidem
641 579 720 624 esse.
750 557 834 634 Quid
851 559 913 626 hoc
931 561 1004 627 est?
1027 563 1114 647 quod

68 661 85 702 ⁵
101 645 166 711 hoc
179 649 371 729 monstrum,
382 645 467 730 quod
480 646 666 733 prodigium
679 647 714 712 in
727 647 928 732 provinciam
942 649 1112 716 misimus?

101 732 220 800 Nonne
239 734 332 799 vobis
350 733 383 800 id
403 734 509 820 egisse
526 734 664 822 videtur,
682 739 803 802 utnon
820 737 915 802 unius
934 738 1112 825 libidinem,

100 844 170 888 non
183 843 259 888 suos
279 823 399 908 oculos,
418 822 474 888 sed
492 824 637 890 omnium
657 824 940 910 cupidissimorum
958 827 1113 914 insanias,

101 933 177 976 cum
198 910 338 977 Romam
364 911 567 997 revertisset,
594 913 761 998 expleret?
806 912 868 989 Qui
893 914 1112 1000 simulatque

100 1000 138 1064 in
155 999 310 1084 oppidum
329 1000 505 1086 quoppiam
527 1006 670 1087 venerat,
691 1001 944 1069 inmittebantur
966 1003 1018 1069 illi
1040 1025 1113 1070 con·

55 1105 86 1145 1⁰
102 1088 195 1154 tinuo
218 1086 396 1172 Cibyratici
414 1110 519 1173 canes,
541 1089 597 1174 qui
614 1089 859 1177 investigabant
877 1094 910 1158 et
932 1096 1123 1177 perscruta

101 1177 223 1243 bantur
237 1176 356 1243 omnia.
391 1175 427 1242 si
445 1177 531 1262 quod
549 1181 621 1244 erat
638 1178 760 1266 grande
777 1201 835 1245 vas
855 1183 889 1246 et
906 1180 1011 1246 maius
1030 1203 1112 1266 opus

100 1265 284 1351 inventum,
307 1265 388 1332 laeti
410 1265 612 1351 adferebant3
637 1267 795 1333 siminus
818 1268 886 1334 eius
910 1269 999 1335 modi
1021 1269 1112 1356 quip-

101 1353 191 1438 piam
222 1354 335 1420 venari
361 1358 549 1440 potuerant,
579 1355 640 1420 illa
667 1355 796 1441 quidem
822 1361 909 1424 certe
935 1379 995 1443 pro
1023 1358 1112 1443 lepu-

102 1442 202 1508 sculis
230 1443 454 1528 capiebantur,
485 1444 640 1528 patellae,
671 1447 818 1530 paterae,
849 1446 1004 1512 turibula.
1049 1447 1113 1514 Hic

56 1547 86 1588 15
102 1552 185 1615 quos
202 1531 328 1616 putatis
345 1531 441 1597 fletus
460 1532 641 1617 mulierum,
665 1554 745 1617 quas
767 1533 1019 1600 lamentationes
1041 1535 1113 1601 fieri

103 1619 219 1685 solitas
232 1641 303 1685 csse
321 1620 356 1684 in
372 1620 461 1686 hisce
480 1620 599 1686 rebus?
623 1642 705 1705 quae
721 1621 862 1689 forsitan
880 1622 973 1689 vobis
991 1645 1112 1707 parvae

102 1729 174 1773 esse
209 1708 394 1793 rideantur,
430 1707 486 1773 sed
521 1729 677 1795 magnum
714 1714 747 1775 et
783 1711 934 1777 acerbum
967 1711 1112 1778 dolorem

102 1799 321 1881 commovent,
356 1796 555 1864 mulierculis
585 1798 790 1883 praesertim,
826 1821 899 1866 cum
931 1798 1113 1883 eripiuntur

102 1906 121 1949 e
148 1884 297 1950 manibus
326 1907 376 1970 ea,
405 1884 521 1970 quibus
547 1885 589 1952 ad
611 1907 663 1952 res
687 1886 813 1952 divinas
835 1886 885 1952 uti
907 1891 1112 1973 consuerunt,

57 1991 88 2031 so
104 1994 187 2057 quae
201 1995 221 2038 a
235 1973 302 2038 suis
316 1977 517 2060 acceperunt,
537 1995 619 2058 quae
633 1974 668 2039 in
680 1974 809 2041 familia
827 1997 953 2060 semper
970 1974 1111 2042 fuerunt.

170 2060 232 2127 Hic
249 2062 352 2128 nolite
371 2065 549 2147 expectare,
572 2062 649 2128 dum
668 2083 728 2150 ego
751 2063 832 2131 haec
854 2063 990 2130 crimina
1014 2085 1111 2152 agam
1122 2037 1165 2166 {g

103 2149 259 2236 ostiatim,
277 2151 319 2217 ab
333 2149 497 2235 Aeschylo
513 2151 734 2235 Tyndaritano
752 2151 853 2218 istum
870 2156 1019 2238 pateram
1037 2154 1111 2219 abs-

101 2239 232 2324 tulisse,
268 2262 289 2305 a
319 2239 487 2305 Thrasone
518 2239 597 2305 item
629 2239 851 2323 Tyndaritano
882 2242 1055 2327 patellam,
1092 2265 1112 2308 a

101 2326 336 2412 Nymphodoro
355 2325 574 2415 Agrigentino
601 2328 791 2394 turibulum.
836 2327 919 2396 (lum
946 2333 1049 2396 testes
1072 2352 1111 2396 ex

59 2432 87 2474 ss
103 2414 216 2481 Sicilia
239 2415 336 2501 dabo,
361 2435 457 2499 quem
478 2417 569 2482 volet
590 2416 648 2481 illc
671 2417 786 2502 eligat,
810 2439 906 2502 quem
929 2438 990 2505 ego
1013 2419 1111 2484 inter·

102 2503 791 2678 ttulistiselithildis
812 2528 882 2660 tlt
901 2507 1002 2680 &tlt
1021 2507 1111 2662 llll·

337 2642 347 2676 7

102 2679 223 2766 pletior
251 2701 363 2767 expers
390 2679 485 2746 huius
508 2680 644 2746 iniuriae
667 2682 853 2767 reperietur.
896 2683 958 2759 Qui
981 2705 1054 2749 cum
1076 2685 1111 2748 in

104 2768 287 2835 convivium
322 2769 477 2854 venisset,
514 2769 542 2834 si
578 2769 750 2855 quicquam
782 2771 900 2838 caelati
932 2775 1112 2856 aspexerat,

61 2875 89 2917 eo
103 2878 218 2923 manus
241 2857 418 2942 abstinere,
440 2857 575 2941 iudices,
597 2880 664 2924 non
685 2863 824 2944 poterat.
860 2857 917 2924 On.
936 2859 1110 2943 Pompeius

103 2950 162 3031 est,
184 2944 287 3012 Philo·
299 2946 356 3031 qui
373 2945 445 3029 fuit,
467 2946 716 3030 Tyndaritanos.
752 2946 786 3012 Is
804 2969 917 3014 cenam
935 2946 993 3011 isti
1011 2946 1123 3012 dabat-

103 3034 189 3121 apud
214 3034 328 3101 villam
354 3034 389 3099 in
411 3033 642 3118 Tyndaritano.
682 3033 786 3118 Fecit,
813 3034 898 3120 quod
922 3032 1024 3100 Siculi
1044 3056 1112 3100 non

104 3122 277 3208 audebant3
300 3123 371 3206 ille,
394 3122 473 3188 ciris
496 3121 663 3189 Romanus
687 3123 773 3208 quod
795 3126 880 3207 erat,
902 3121 1055 3207 inpunius
1077 3122 1111 3187 id

103 3233 137 3276 sc
154 3210 318 3277 facturum
335 3211 478 3297 putavit3
501 3211 654 3297 apposuit
671 3211 837 3296 patellam,
859 3211 894 3274 in
913 3231 978 3294 qua
1000 3210 1111 3297 sigilla

64 3315 90 3358 ss
104 3302 196 3364 erant
223 3299 364 3387 egregia.
404 3298 472 3366 Iste
500 3300 653 3365 continuo
679 3302 717 3364 ut
739 3299 833 3384 vidit,
860 3319 927 3364 non
949 3298 1111 3364 dubitavit

103 3387 185 3453 illud
201 3387 329 3474 insigne
347 3388 515 3475 penatium
537 3387 814 3472 hospitaliumque
838 3387 971 3454 deorum
994 3409 1033 3453 ex
1054 3387 1111 3454 ho

104 3475 216 3561 spitali
233 3497 346 3542 mensa
363 3477 495 3562 tollere,
518 3476 575 3542 sed
597 3479 722 3561 tamen,
744 3476 832 3561 quod
855 3480 931 3542 ante
954 3477 993 3543 de
1015 3476 1111 3542 istius
