2604 3880
151 228 215 292 166
445 224 484 278 ΙΝ
503 223 531 280 C.
551 223 706 280 VERREM
724 221 805 279 AOT.
823 221 857 279 IL

150 374 310 457 queretur,
334 391 446 436 omues
469 369 511 435 cd
534 391 605 435 eam
629 369 770 453 domum,
792 369 827 434 in
850 390 914 454 qua
931 369 994 434 iate
1013 369 1160 436 deversa

149 461 255 544 batur,
268 458 409 544 profecti
423 463 512 543 sunt3
527 459 659 524 caedere
672 459 804 523 ianuam
819 457 914 541 saxis,
928 457 1050 524 instare
1063 459 1160 543 ferro,

149 549 240 635 ligna
285 551 318 613 et
359 550 524 614 sarmento
563 546 761 612 circumdare
801 547 974 632 ignemque
1016 547 1160 613 subicere

149 640 332 722 coeperunt.
369 635 451 702 Turn
475 636 560 702 circs
578 635 727 718 Romani,
751 635 806 719 qui
823 635 996 720 Lampsaci
1012 636 1160 722 negotie-

148 726 282 809 bantur,
314 727 522 808 concurrunt3
554 727 650 789 orant
674 723 927 809 Lampsacenos,
959 727 997 788 ut
1028 724 1187 810 graviuse

150 815 235 899 apud
254 835 309 880 eos
328 834 447 880 nomen
464 811 639 899 legationis
658 834 756 896 quam
774 811 892 878 iniuria
910 813 1013 899 legati
1029 816 1160 898 putore-

149 907 217 987 tur3
241 923 311 968 sese
333 902 524 989 intellegere
547 900 711 967 hominem
734 901 829 965 illum
852 921 923 966 esse
940 901 1104 986 impurum
1123 921 1161 966 ac

148 991 323 1076 nefarium,
351 991 407 1056 sed
430 989 583 1074 quoniam
604 1009 665 1056 nec
685 989 888 1074 perfecisset,
916 989 1002 1073 quod
1024 993 1160 1055 conatus

150 1083 249 1163 esset,
280 1101 384 1163 neque
414 1078 543 1144 futurus
576 1081 662 1143 esset
693 1076 866 1163 Lampsaci
896 1080 1024 1163 postea,
1057 1078 1161 1143 levius

150 1190 262 1234 eorum
279 1171 448 1254 peccatum
465 1167 545 1251 fore,
566 1167 594 1231 si
613 1166 737 1231 homini
754 1166 913 1233 scelerato
931 1166 1160 1253 pepercissent,
1175 1188 1203 1229 ro

152 1279 250 1341 quam
274 1256 302 1321 si
325 1257 437 1342 legato
458 1276 525 1320 nou
547 1254 775 1340 pepercissent.

97 1349 132 1403 ⁷0
217 1343 270 1410 Sic
299 1344 363 1409 iste
395 1343 499 1409 multo
532 1342 719 1408 sceleratior
751 1345 785 1408 et
814 1343 951 1427 nequior
979 1365 1077 1428 quam
1103 1343 1161 1408 ille

148 1431 335 1498 Hadrianus
358 1432 526 1516 aliquanto
547 1431 647 1496 etiam
664 1430 791 1496 felicior
808 1430 885 1514 fuit3
903 1430 969 1516 ille,
988 1432 1074 1516 quod
1092 1432 1161 1497 eius

149 1520 322 1587 avaritiam
356 1520 442 1586 cives
467 1519 608 1585 Romani
636 1519 722 1584 ferre
743 1540 810 1584 non
832 1523 1022 1605 potuerunt,
1046 1516 1161 1586 Uticae

150 1609 238 1675 domi
270 1631 348 1674 suae
376 1609 469 1675 rivus
503 1611 634 1673 exustus
667 1611 730 1692 est,
762 1607 858 1692 idque
889 1608 938 1673 ita
966 1608 1017 1672 illi
1044 1609 1160 1675 merito
1177 1631 1204 1674 re

150 1697 304 1764 eccidisse
327 1697 549 1762 existimatum
571 1699 630 1779 est,
653 1700 690 1760 ut
707 1696 908 1761 laetarentur
926 1717 1038 1762 omues
1057 1719 1161 1780 neque

149 1786 219 1852 ulla
241 1784 478 1852 animadversio
502 1784 767 1868 constitueretur3
790 1784 843 1850 hic
866 1784 1028 1850 sociorum
1052 1785 1162 1849 ambu-

150 1878 221 1940 stus
243 1875 390 1940 incendio
413 1879 525 1940 tamen
547 1894 585 1937 ex
604 1873 662 1937 ille
680 1871 813 1937 flamma
830 1871 1038 1957 periculoque
1056 1874 1162 1939 evola·

150 1963 199 2029 vit
233 1985 338 2048 neque
374 1962 479 2028 adhuc
515 1982 646 2027 causam
681 1960 784 2025 ullam
821 1961 1006 2046 excogitare
1044 1962 1162 2047 potuit,

151 2074 249 2136 quam
277 2051 319 2116 ob
347 2071 417 2117 rem
443 2049 655 2133 commiserit,
687 2051 745 2114 aut
773 2049 850 2132 quid
876 2049 1032 2134 evenerit,
1060 2054 1097 2115 ut
1127 2050 1162 2115 in
1176 2072 1205 2112 ro

150 2143 279 2205 tantum
307 2138 487 2223 periculum
514 2137 648 2203 veniret.
693 2135 770 2202 Non
797 2137 883 2203 enim
910 2141 1021 2223 potest
1044 2138 1162 2205 dicere:

35 2263 39 2266 ·
151 2227 236 2293 ‘cum
251 2225 442 2291 seditionem
456 2226 568 2290 sedare
582 2225 710 2310 vellem,
726 2247 799 2291 cum
813 2224 1012 2291 frumentum
1026 2227 1163 2312 impera-

150 2337 233 2399 rem,
260 2336 332 2380 cum
360 2314 558 2399 stipendium
585 2335 747 2400 cogerem,
775 2335 848 2380 cum
876 2315 999 2399 aliquid
1026 2315 1163 2399 denique

149 2403 197 2468 rei
232 2402 382 2488 publicae
417 2424 516 2469 causa
548 2423 706 2490 gererem,
741 2403 828 2486 quod
860 2403 964 2468 acrius
996 2403 1163 2488 imperari,

151 2491 237 2576 quod
256 2490 479 2576 animadverti,
498 2491 584 2576 quod
600 2491 743 2557 minatus
758 2490 851 2556 sum?
888 2491 976 2567 Quae
990 2492 1018 2556 si
1033 2492 1163 2576 diceret,
1178 2512 1207 2553 ae

150 2582 258 2644 tamen
269 2579 396 2665 ignosci
406 2602 472 2644 nen
482 2583 656 2665 oporteret,
666 2579 694 2644 si
702 2579 800 2644 nimis
811 2579 1163 2666 atrociterimperando

98 2639 248 2735 28sociis
266 2668 303 2732 in
324 2671 453 2734 tantum
478 2669 634 2734 adductus
657 2667 836 2752 periculum
859 2668 1030 2734 videretur.
1067 2668 1164 2735 Nunc

98 2719 132 2770 Ἡ
150 2759 303 2843 cumipse
311 2756 706 2823 causamilliustumultus
714 2778 936 2842 requereram
946 2757 1050 2822 dicere
1059 2779 1164 2842 neque

150 2847 270 2912 falsam
293 2847 477 2932 confingere
496 2845 621 2930 audeat,
644 2845 743 2911 homo
762 2848 870 2910 autem
889 2845 1010 2911 ordinis
1030 2845 1080 2910 sui
1097 2846 1164 2911 fru-

152 2936 350 3024 galissimus,
369 2935 425 3019 qui
442 2938 512 2999 tum
532 2955 684 3000 accensus
701 2932 736 2999 O.
750 2932 873 2999 Neroni
890 2933 962 3019 fuit,
976 2933 1011 2998 Ρ.
1026 2935 1163 3018 Tettius,
1178 2954 1208 2994 eo

151 3025 232 3091 haec
246 3025 358 3090 eadem
373 3045 407 3088 se
425 3021 599 3108 Lampsaci
616 3043 773 3108 cognosse
792 3021 917 3107 dixerit,
939 3022 991 3087 vir
1013 3022 1163 3088 omnibus

151 3114 250 3180 rebus
269 3111 506 3196 ornatissimus,
529 3110 564 3176 0.
577 3109 694 3195 Varro,
713 3111 768 3195 qui
786 3114 857 3175 tum
870 3109 906 3174 in
918 3109 1000 3176 Asia
1013 3111 1164 3176 tribunus

153 3202 296 3266 militum
313 3200 385 3285 fuit,
403 3200 484 3265 haec
502 3200 614 3264 eadem
631 3199 702 3285 ipse
721 3221 755 3264 se
774 3221 813 3264 ex
826 3198 1019 3265 Philodamo
1036 3200 1165 3265 audisse

153 3289 253 3372 dicut,
283 3287 421 3374 potestis
445 3287 606 3371 dubitare,
629 3287 708 3372 quin
729 3287 830 3352 istum
851 3287 985 3353 fortuna
1006 3309 1072 3353 nou
1095 3291 1165 3354 tam

154 3399 192 3442 ex
215 3377 273 3442 illo
296 3375 440 3461 periculo
465 3377 588 3461 eripere
611 3376 752 3442 voluerit
774 3397 871 3459 quam
895 3376 936 3440 ad
956 3380 1101 3442 vestrum
1119 3376 1165 3441 iu·
1181 3395 1211 3436 es

154 3463 272 3528 dicium
299 3463 487 3528 reservare?
532 3462 606 3528 Nisi
632 3484 709 3528 vero
736 3463 819 3527 illud
847 3462 944 3549 dicet,
971 3463 996 3548 †
1019 3465 1104 3549 quod
1132 3468 1166 3530 ct

153 3549 188 3612 in
202 3549 291 3614 Tetti
308 3550 496 3616 testimonio
514 3551 622 3635 priore
645 3551 772 3616 actione
791 3551 1014 3637 interpellavit
1027 3553 1166 3619 Horten·
