2604 3880
393 182 590 239 GAP.14-1a
608 189 623 250 ᾖ
641 189 755 239 40-46.
1037 184 1082 249 95

70 325 256 391 MANILI
284 327 351 392 ΕΤ
379 323 412 394 O.
439 325 578 394 LUSOI
608 326 796 394 OOREAE.
848 325 967 394 Utrum
1001 327 1081 394 dicis

69 412 190 480 Luscio
218 416 253 478 et
273 413 410 481 Manilio
438 437 522 480 anne
544 414 660 481 Olario
685 438 751 481 non
774 437 844 482 esse
867 415 1081 482 credendum?

70 501 208 567 Planius
232 506 330 587 atque
353 505 498 588 apertius
522 503 638 569 dicam:
663 503 782 570 Utrum
799 505 934 570 Luscius
958 509 991 570 et
1011 501 1134 570 Malli

69 590 172 655 011100
185 589 269 654 nihil
284 591 323 656 de
336 589 392 657 HS
407 607 548 658 0001000
567 614 607 656 ex
620 590 736 658 Oluvio
755 593 935 679 audierunt,
953 592 1082 660 00010-

41 679 146 744 evius
172 677 293 744 falsum
316 678 433 746 Luscio
462 684 495 745 et
517 680 652 746 Manilio
680 680 783 746 dixit?
828 681 900 747 Hoc
925 703 986 768 ego
1009 683 1081 747 loco

72 767 184 832 soluto
199 769 232 830 et
246 766 356 851 quieto
371 790 444 833 sum
457 768 566 834 animo
581 772 623 852 et,
642 791 797 853 quorsum
811 769 934 834 recidat
951 791 1082 854 respon-

72 877 147 920 sum
174 858 281 939 tuum,
308 878 375 922 non
401 877 599 942 magnopere
621 856 749 940 laboro,
775 857 972 923 firmissimis
996 857 1081 922 cnim

72 947 109 1008 et
136 943 350 1009 sanctissimis
375 945 572 1010 testimoniis
595 944 740 1010 virorum
763 945 962 1030 optimorum
985 967 1082 1011 causa

71 1030 174 1097 Rosci
200 1033 399 1099 communita
426 1036 485 1099 est.
536 1031 571 1098 Si
597 1032 664 1098 iam
690 1032 753 1097 tibi
780 1033 995 1099 deliberatum
1023 1037 1081 1117 est,
1099 1045 1133 1095 44

32 1139 57 1179 ιο
73 1118 194 1204 quibus
213 1121 352 1206 abroges
370 1120 468 1186 fidem
485 1121 566 1185 iuris
584 1119 721 1206 iurandi,
743 1120 911 1206 responde.
946 1120 1081 1186 Manilio

72 1213 109 1273 et
126 1206 243 1273 Luscio
261 1230 363 1295 negas
383 1231 453 1274 esse
472 1209 686 1275 credendum?
722 1207 792 1294 Dic,
816 1208 910 1294 aude,
934 1213 984 1274 000
1005 1213 1082 1276 tuae

73 1297 306 1381 contumaciae,
326 1297 533 1383 arrogantiae
547 1297 698 1381 vitaeque
711 1297 881 1362 universae
894 1319 966 1363 vox.
999 1296 1083 1374 Quid

73 1388 253 1470 exspectas,
276 1407 374 1470 quam
393 1407 467 1450 mox
487 1407 548 1472 ego
566 1384 720 1451 Luscium
738 1390 771 1450 et
788 1384 960 1450 Manilium
978 1385 1083 1451 dicam
1155 1380 1158 1386 '

73 1472 188 1539 ordine
219 1494 290 1538 0000
322 1477 503 1558 senatores,
534 1476 643 1539 aetate
674 1474 813 1560 grandes
840 1478 934 1558 natu,
965 1478 1083 1539 natura

32 1581 57 1620 0
73 1563 206 1626 sanctos
234 1564 269 1625 00
294 1560 481 1646 religiosos,
509 1562 611 1646 copiis
639 1561 686 1627 rei
708 1561 880 1627 familiaris
903 1563 1081 1647 locupletes
1141 1583 1143 1586 ·

71 1654 109 1714 et
126 1648 340 1733 pecuniosos?
368 1648 445 1715 Non
461 1648 594 1733 faciam3
612 1649 695 1714 nihil
714 1650 795 1715 mihi
813 1648 992 1732 detraham,
1010 1672 1083 1716 oum

71 1738 142 1802 illis
166 1740 298 1801 exactae
321 1738 440 1802 aetatis
464 1737 694 1820 [severissime]
718 1737 873 1822 fructum,
901 1759 997 1821 quem
1020 1759 1083 1802 me·

72 1828 224 1909 ruerunt,
250 1825 439 1890 retribuam.
483 1826 590 1912 Magis
617 1847 691 1890 mea
718 1825 937 1891 adulescentia
958 1825 1084 1910 indiget

71 1915 209 1979 illorum
227 1913 315 1977 bona
333 1913 582 1999 existimatione,
606 1936 703 1998 quam
721 1914 855 1978 illorum
878 1913 1084 1978 severissima

32 2021 58 2062 ao
73 2005 225 2067 senectus
245 2001 406 2066 desiderat
424 2023 531 2067 meam
549 2003 687 2067 landem.
724 2001 799 2066 Tibi
816 2023 902 2085 vero,
920 2001 1006 2086 Piso,
1029 2001 1083 2065 diu
1102 2004 1136 2055 4⁶

73 2089 321 2155 deliberandum
335 2092 368 2154 et
381 2091 644 2174 concoquendum
658 2094 717 2173 est,
735 2094 845 2154 utrum
859 2089 968 2174 potius
983 2087 1084 2154 Chae-

73 2200 150 2244 reae
168 2177 312 2242 iniurato
334 2177 370 2242 iu
392 2199 451 2242 sua
473 2179 531 2243 lite
555 2201 597 2244 an
615 2178 750 2243 Manilio
774 2181 807 2242 00
828 2177 945 2243 Luscio
968 2177 1083 2243 iuratis

72 2268 110 2331 in
137 2265 246 2330 0110οο
272 2264 391 2331 iudicio
419 2265 540 2331 credas.
584 2265 759 2350 Reliquum
782 2269 846 2350 est,
873 2264 1085 2332 0001001001

72 2356 198 2419 falsum
222 2353 340 2418 dixisse
362 2352 479 2420 Luscio
503 2358 536 2419 00
553 2353 688 2419 Manilio
712 2354 895 2419 contendat.
941 2353 1034 2429 Quod
1057 2355 1085 2418 si

33 2461 58 2502 aa
71 2443 170 2526 facit,
198 2463 263 2526 qua
284 2441 486 2527 impudentia
509 2446 572 2527 est,
597 2463 712 2507 eumne
735 2446 853 2507 testem
875 2441 1085 2527 improbabit,

73 2553 174 2616 quem
206 2529 343 2594 iudicem
374 2530 544 2616 probarit?
579 2530 609 2596 01
640 2531 775 2616 negabit
807 2531 893 2596 credi
926 2534 1085 2615 oportere,

72 2621 126 2686 cui
155 2619 227 2703 ipse
254 2617 447 2683 crediderit?
480 2618 548 2682 eius
576 2619 672 2682 testis
696 2619 737 2682 ad
759 2618 897 2684 iudicem
919 2618 1085 2685 11100110-

72 2705 236 2791 firmabit,
268 2706 357 2770 cuias
389 2709 524 2792 propter
554 2706 652 2771 fidem
683 2710 717 2771 et
748 2706 939 2792 religionem
971 2703 1086 2770 iudicis

73 2799 178 2861 testes
206 2794 428 2880 compararit?
461 2816 556 2878 quem
584 2816 645 2881 ego
673 2795 702 2858 si
723 2794 842 2859 ferrem
865 2794 1016 2877 iudicem,
1038 2815 1087 2856 re-

33 2901 59 2942 ae
72 2884 189 2969 fugere
211 2904 278 2948 non
302 2883 446 2966 deberet,
468 2905 542 2948 cnm
563 2887 681 2947 testem
704 2883 894 2967 producam,
916 2880 1086 2966 reprehen-

74 2974 152 3038 dere
176 2971 331 3036 audebit?
1098 3017 1138 3082 16

143 3059 246 3125 ‘Dicit
269 3059 377 3143 enim',
399 3059 515 3143 inquit,
539 3058 710 3124 ‘iniuratus
733 3059 849 3125 Luscio
874 3054 1138 3144 0011001110346

72 3148 108 3214 Si
138 3148 261 3214 diceret
287 3147 428 3231 iuratus,
456 3147 623 3212 crederes?
664 3147 710 3212 At
739 3148 816 3232 quid
842 3145 979 3210 interest
1000 3144 1086 3208 inter

72 3237 243 3322 periuram
271 3239 305 3300 et
327 3235 536 3300 mendacem?
578 3234 639 3310 Qui
663 3235 793 3300 mentiri
817 3235 914 3317 solet,
940 3231 1086 3317 peierare

35 3341 59 3382 ³⁶
73 3323 254 3391 consuevit.
296 3323 398 3400 Quem
418 3344 488 3410 ego,
511 3327 548 3389 ut
566 3324 752 3409 mentiatur,
775 3323 925 3387 inducere
943 3341 1086 3404 possum,

72 3418 111 3479 nt
138 3414 278 3499 peieret,
306 3432 439 3478 exorare
465 3411 561 3477 facile
586 3416 709 3497 potero.
754 3410 841 3476 Nam
865 3409 920 3493 qui
943 3409 1086 3473 semela

73 3503 215 3567 veritate
250 3500 393 3586 deflexit,
425 3500 479 3566 hic
510 3521 577 3566 non
608 3501 730 3565 maiore
762 3498 921 3585 religione
954 3497 995 3563 ad
1016 3519 1087 3582 per·
