2524 3876
182 162 226 227 32
279 162 351 217 PRO
370 164 401 217 P.
420 162 592 228 QUINCTIO
612 162 756 220 ORATIO.
793 163 873 218 CAP.
892 171 925 219 31
945 169 961 230 ξ
979 171 1095 221 9‘1-99.

181 307 1198 481 tltltt‘ffltlli¹tbttttlltt.llt¹:ct⁰.⁸tt

182 486 334 567 cinerem,
365 506 424 569 per
453 505 573 549 nomen
604 485 874 569 propinquitatis,
905 507 963 570 per
985 485 1089 570 ipsius
1119 508 1199 552 con-

181 572 291 657 iugem
318 575 351 636 et
379 572 515 650 liberor,
547 573 664 656 quibus
691 573 826 658 propior
852 572 887 637 P.
915 571 1066 648 Quinctio
1096 597 1197 640 nemo

182 665 246 745 est,
281 663 318 725 ut
352 661 526 745 aliquando
563 661 818 726 misericordiam
858 666 1003 747 caperet,
1040 662 1223 748 aliquam,a

183 749 211 812 si
233 770 300 814 non
321 749 585 834 propinquitatis,
608 753 643 813 at
666 751 784 814 aetatis
803 772 889 832 suae,
912 751 941 814 si
958 772 1025 815 non
1042 750 1198 835 hominis,

183 841 217 902 at
244 837 459 903 humanitatis
486 837 648 903 rationem
679 839 829 920 haberet,
860 842 898 902 ut
929 860 1037 904 secum
1071 840 1198 924 aliquid

182 926 311 1012 integra
335 947 393 990 sua
415 925 505 992 fama
528 926 688 1010 qualibet,
718 926 891 992 dummodo
914 927 1094 1011 tolerabili,
1123 951 1198 993 con·

129 1020 163 1071 98
183 1013 306 1079 dicione
333 1015 540 1100 transigeret.
589 1014 643 1079 Ab
670 1015 743 1099 ipso
771 1015 973 1101 repudiatus,
1005 1016 1046 1080 ab
1081 1017 1199 1082 amicis
1260 1040 1261 1047 ¹

183 1102 250 1168 eius
284 1124 351 1167 non
383 1103 586 1184 sublevatuS,
621 1103 663 1167 ab
697 1103 787 1168 omni
818 1104 1015 1190 magistratu
1047 1104 1198 1190 agitatus
1213 1134 1235 1172 ιι

182 1194 280 1274 atqua
312 1191 518 1276 perterritus,
551 1212 644 1274 quem
677 1195 808 1276 praeter
838 1197 872 1257 te
904 1193 1062 1276 appellet,
1093 1193 1199 1258 habet

181 1279 357 1361 neminem3
384 1279 446 1343 tibi
473 1301 521 1362 se,
551 1279 613 1343 tibi
641 1300 716 1344 suas
745 1302 857 1345 omnes
880 1302 958 1365 opes
981 1281 1199 1366 fortunasque

182 1366 401 1450 commendat,
432 1367 494 1431 tibi
529 1368 707 1432 committit
735 1369 1008 1433 existimationem
1037 1391 1075 1434 ac
1103 1392 1198 1454 spem

182 1455 326 1538 reliquae
353 1455 448 1520 vitae.
494 1454 608 1520 Multis
636 1460 770 1521 vexatus
794 1457 1013 1539 contumeliis,
1042 1457 1198 1541 plurimis

181 1543 321 1608 iactatur
343 1542 470 1607 iniuriis
493 1565 559 1608 non
582 1544 687 1628 turpis
711 1545 751 1608 ad
773 1549 816 1627 te,
840 1545 896 1610 sed
914 1545 1013 1610 miser
1031 1546 1235 1632 confugit31a

182 1653 199 1696 e
212 1631 315 1697 fundo
330 1632 537 1696 ornatissimo
553 1632 683 1714 eiectus,
702 1633 890 1718 ignominiis
905 1634 1055 1698 omnibus
1071 1636 1199 1720 appeti·

181 1724 245 1803 tus,
263 1743 337 1786 cum
354 1720 448 1788 illum
466 1720 500 1784 in
520 1720 586 1785 suis
605 1722 752 1805 paternis
770 1722 865 1786 bonis
884 1723 1045 1787 dominari
1061 1723 1199 1807 videret,

181 1809 251 1894 ipse
278 1809 366 1874 filiae
393 1808 498 1873 nubili
530 1809 639 1873 dotem
672 1810 827 1875 conficere
859 1832 925 1875 non
956 1815 1082 1896 posset,
1111 1812 1199 1876 nihil

182 1899 322 1963 alienum
345 1901 457 1962 tamen
479 1897 549 1962 vita
571 1897 735 1981 superiore
759 1898 929 1964 commisit.

129 1990 162 2040 99
248 1987 363 2070 Itaque
385 1986 448 2051 hoo
468 1989 501 2050 te
519 1985 678 2066 obsecrat,
701 1984 735 2051 Ο.
753 1986 875 2070 Aquili,
897 1990 944 2070 ut,
967 2009 1067 2071 quam
1087 1989 1198 2054 existi·
1211 2015 1234 2054 so

181 2076 372 2158 mationem,
396 2096 492 2158 quam
515 2073 721 2139 honestatem
744 2075 778 2138 in
801 2075 953 2140 iudicium
976 2079 1070 2140 tuum
1093 2099 1199 2163 prope

182 2166 256 2228 acta
286 2162 352 2227 iam
385 2166 492 2227 aetate
525 2161 721 2246 decursaque
761 2164 887 2246 attulit,
924 2185 995 2228 eum
1034 2164 1137 2229 liceat
1171 2167 1199 2230 ei

182 2272 290 2316 secum
309 2273 348 2316 ex
365 2251 428 2317 hoc
446 2252 518 2316 loco
537 2251 657 2332 efferre,
679 2272 721 2314 na
739 2253 776 2333 is,
800 2252 837 2316 de
856 2251 945 2316 cuius
969 2251 1078 2317 officio
1101 2275 1200 2319 nemo

181 2361 335 2423 umquam
357 2339 527 2422 dubitavit,
551 2338 751 2424 sexagesimo
772 2339 906 2424 denique
926 2362 1011 2404 anno
1032 2340 1200 2426 dedecore,

182 2429 309 2493 macula
331 2428 584 2512 turpissimaque
604 2427 784 2513 ignominia
801 2432 942 2512 notetur,
964 2450 1005 2492 ne
1025 2451 1200 2495 ornamcn-
1214 2457 1233 2496 a

181 2516 225 2580 tir
254 2516 322 2581 eius
349 2517 499 2581 omnibus
528 2515 599 2581 Sex.
626 2515 768 2581 Naevius
796 2539 855 2601 pro
884 2516 998 2600 spoliis
1029 2518 1200 2603 abutatur,

181 2626 222 2668 na
244 2627 302 2690 per
325 2610 358 2670 te
381 2605 448 2687 fiat,
472 2627 535 2688 quo
559 2604 675 2687 minus,
699 2626 780 2688 quae
804 2605 1001 2670 existimatio
1023 2605 1059 2670 P.
1081 2605 1200 2682 Quinc·

181 2693 264 2758 tium
287 2715 389 2776 usque
412 2693 453 2757 ad
476 2695 675 2758 senectutem
698 2692 862 2778 produxit,
891 2692 1003 2758 eadem
1027 2716 1134 2780 usque
1160 2696 1201 2761 ad

181 2803 298 2868 rogum
321 2786 545 2866 prosequatur.
