2558 3884
126 169 192 234 312
420 165 462 220 00
482 166 509 222 c.
529 165 683 254 000000
700 165 780 222 000.
799 168 835 223 0.

126 315 221 397 (11000,
240 313 326 398 quod
339 313 466 378 utinam
485 311 585 376 dicas!
609 311 651 377 ad
665 311 848 397 Apronium
864 333 931 378 non
948 313 1139 398 pervenisse

125 407 264 468 tantum.
304 401 358 466 Ita
379 404 413 466 te
435 422 502 466 non
525 399 620 465 modo
643 400 783 484 publicis
806 401 934 486 tenebo,
956 400 1013 466 sed
1036 401 1138 467 etiam

125 490 263 576 privatis
283 492 450 555 aratorum
468 488 675 574 pactionibus
694 511 732 555 ac
751 488 883 574 littoris,
903 493 942 555 ut
959 489 1136 576 intellegas

124 599 191 644 non
217 582 252 643 tc
280 578 521 664 diligentiorem
547 577 582 642 in
607 577 766 642 faciundis
793 577 894 642 fuisse
915 578 1013 644 furtis
1037 601 1137 664 quam

126 689 178 732 me
205 667 241 731 in
263 666 545 752 deprehendendis.
590 664 662 731 Hoc
684 669 722 730 tu
743 666 850 731 fores?
877 667 940 732 hoc
963 666 1165 751 quisquam

127 755 296 820 defendet?
328 755 390 820 hoc
416 754 466 839 hi,
493 755 522 820 si
550 753 646 818 aliter
673 754 711 818 de
739 758 773 819 tc
796 757 939 820 statuere
962 755 1137 839 voluerint,

127 843 355 910 sustinebunt?
396 842 470 908 Uno
490 844 630 908 adventu
652 864 690 907 ex
712 863 777 908 uno
801 863 881 929 agro
901 842 938 920 Q.
952 843 1137 928 Apronium

126 935 256 1016 praeter
290 953 375 1016 eam,
407 953 505 1016 quam
533 931 611 1015 dixi,
642 930 813 1015 pecuniam
840 936 1044 996 numeratam
1072 949 1137 997 000

75 1031 126 1082 000
145 1020 237 1086 milia
255 1020 339 1086 mod
353 1019 455 1085 tritici
473 1019 556 1084 lucri
572 1018 703 1084 nomine
720 1019 912 1084 sustulisse?
944 1018 1050 1094 Quid?
1073 1020 1137 1085 hoc

126 1107 308 1174 Aetnenses
331 1108 394 1174 soli
417 1108 548 1173 dicunt?
588 1105 694 1172 Immo
717 1107 817 1174 etiam
839 1106 1055 1193 Centuripini,
1079 1108 1137 1193 qui
1152 1125 1180 1166 00

128 1197 200 1283 agri
230 1195 405 1262 Aetnensis
441 1196 545 1260 multo
581 1196 757 1261 maximam
792 1199 921 1281 partem
953 1196 1137 1281 possident3

127 1306 265 1369 quorum
292 1283 425 1369 legatis,
453 1283 641 1349 hominibus
669 1284 897 1368 nobilissimis,
926 1283 1074 1349 Androni
1103 1288 1138 1349 01

126 1372 306 1456 Artemoni,
330 1374 461 1437 senatus
480 1393 518 1437 00
538 1372 693 1437 mandata
716 1372 813 1456 dedit,
836 1394 918 1456 quae
940 1372 1070 1457 publice
1094 1373 1138 1438 ad

126 1460 292 1526 civitatem
321 1460 467 1545 ipsorum
494 1461 715 1544 pertinebant3
746 1460 785 1526 de
811 1459 853 1525 110
880 1460 1021 1545 iniuriis,
1054 1482 1137 1545 quas

126 1548 212 1614 cives
236 1546 440 1633 Centuripini
463 1570 529 1614 non
551 1548 587 1613 in
609 1549 690 1632 suis,
718 1549 774 1614 sed
796 1550 831 1614 in
853 1549 992 1614 aliorum
1014 1549 1178 1614 1101100οι0

126 1640 330 1722 acceperant,
362 1640 493 1702 senatus
525 1640 559 1702 01
585 1639 724 1722 populus
747 1635 978 1724 Centuripinus
1005 1638 1136 1722 legatos

124 1725 232 1790 noluit
250 1725 394 1809 mittere3
416 1725 482 1810 ipsi
501 1728 646 1790 00010000
665 1723 880 1810 Centuripini,
903 1726 959 1810 qui
979 1748 1135 1792 numerus

126 1817 176 1878 est
203 1813 238 1878 in
260 1811 371 1878 Sicilia
397 1813 556 1878 maximus
581 1813 750 1878 hominum
772 1814 1079 1880 honestissimorum
1102 1819 1137 1878 et

33 1932 36 1938 ·
125 1901 464 1987 locupletissimorum,
482 1905 550 1966 tres
568 1901 706 1988 legatos,
724 1902 810 1968 cives
829 1924 915 1987 suos,
935 1903 1136 1988 delegarunt,

124 1994 163 2056 ut
181 2011 292 2056 eorum
308 1989 498 2070 testimonio
516 2011 583 2055 non
605 1990 700 2054 unius
724 1990 805 2076 agri,
828 1990 884 2055 sed
906 2013 1007 2076 prope
1029 1992 1178 2056 10110000

125 2075 254 2144 Siciliae
284 2079 488 2144 calamitates
517 2079 764 2164 cognosceretis.
814 2078 921 2143 Arcnt
948 2079 1034 2144 enim
1061 2082 1136 2145 tota

125 2164 237 2231 Sicilia
253 2165 322 2231 fore
341 2165 554 2250 Centuripini,
577 2169 610 2231 01
631 2166 694 2232 hoc
716 2167 752 2231 in
773 2170 807 2231 10
830 2167 983 2232 certiores
1007 2168 1135 2254 gravic

124 2275 240 2338 resque
262 2257 365 2319 100100
388 2258 478 2338 sunt,
505 2254 592 2338 quod
614 2259 740 2320 ceterae
762 2255 912 2320 civitates
935 2256 1002 2321 suis
1026 2257 1135 2322 solum

124 2341 337 2408 incommodis
365 2346 622 2427 commoventur,
649 2341 866 2428 Centuripini,
893 2343 980 2428 quod
1006 2344 1042 2409 in
1065 2366 1135 2410 om-

124 2428 215 2494 nium
228 2429 296 2494 fere
309 2430 429 2496 finibus
443 2431 664 2515 possessiones
682 2431 815 2515 habent,
833 2431 932 2496 etiam
951 2435 1134 2498 ceterarum
1148 2451 1176 2491 00

71 2566 115 2632 46
125 2517 294 2583 civitatum
318 2518 436 2584 damna
459 2541 496 2584 00
518 2518 715 2584 detrimenta
737 2524 915 2584 senserunt.

73 2644 123 2694 109
190 2604 325 2690 Verum,
356 2607 406 2671 uti
438 2607 516 2690 dixi,
547 2608 632 2672 ratio
664 2611 753 2673 00010
780 2611 831 2673 001
856 2607 1070 2674 Aetnensium
1098 2615 1134 2675 et

124 2693 262 2780 publicis
277 2697 311 2758 01
323 2695 461 2779 privatis
475 2695 595 2760 11110010
610 2696 814 2782 consignata,
833 2718 924 2762 meae
943 2697 1133 2783 diligentias

123 2804 260 2866 pensum
273 2783 379 2868 magis
392 2784 429 2847 in
440 2782 599 2849 Leontino
619 2806 699 2870 agro
718 2788 768 2849 001
786 2784 978 2869 exigendum
996 2790 1134 2871 propter

124 2870 207 2936 hanc
239 2893 384 2956 causam,
417 2873 503 2956 quod
533 2871 597 2956 ipsi
624 2872 775 2938 Leontini
805 2873 934 2958 publice
960 2894 1027 2939 non
1053 2895 1131 2939 0000
1145 2893 1175 2933 sc

124 2960 263 3025 multum
281 2982 334 3025 mc
352 2960 557 3044 adiuverunt3
579 2982 683 3044 neque
706 2962 791 3026 enim
814 2982 870 3027 000
892 2962 958 3026 1010
979 2965 1132 3046 praetore

123 3047 204 3113 haec
236 3048 485 3114 decumanorum
511 3049 647 3114 iniuriae
675 3050 853 3134 laeserunt,
883 3050 994 3135 potius
1022 3050 1134 3136 etiam,

123 3135 258 3219 iudices,
290 3136 490 3204 adiuverunt.
539 3137 659 3202 Mirum
689 3137 830 3203 fortasse
858 3138 921 3204 hoc
950 3138 1044 3204 vobis
1074 3143 1133 3204 aut

122 3223 312 3289 incredibile
343 3224 504 3310 videatur,
534 3225 570 3290 in
595 3225 698 3291 tantis
726 3230 892 3292 aratorum
917 3226 1132 3292 incommodis

122 3308 315 3395 Leontinos,
337 3313 393 3396 qui
410 3314 572 3399 principes
595 3314 644 3378 rei
665 3314 898 3380 frumentariae
919 3314 1055 3400 fuerint,
1078 3337 1131 3380 ex-
1145 3330 1174 3373 ³⁵

122 3398 225 3481 pertis
257 3399 534 3467 incommodorum
561 3405 660 3486 atque
687 3402 879 3468 iniuriarum
904 3402 1014 3468 fuisse.
1059 3403 1133 3469 Hoc

123 3505 238 3550 causae
271 3490 335 3569 est,
366 3487 501 3573 iudices,
533 3489 619 3573 quod
645 3490 680 3554 in
707 3511 787 3576 agro
814 3490 973 3568 Leontino
999 3495 1133 3578 praeter
