2600 3878
330 205 401 264 nin.
421 205 460 260 111
493 206 571 262 cAP.
590 213 694 263 ra-sr
714 213 730 274 s
750 214 897 264 rra-iro.
1052 209 1116 273 317

103 349 161 416 Hs
179 369 205 416 Ι)
227 351 321 418 milia
343 350 494 418 fortasse.
534 351 607 418 Ηο0
628 373 733 437 neque
757 353 905 437 exemplo
929 353 1117 436 cuiusquam

104 461 209 524 neque
240 441 311 505 iure
342 441 411 505 ullo
442 440 521 506 fecit
552 462 655 526 neque
683 463 755 506 eam
781 442 952 526 pecuniam
978 442 1116 526 rettulit,

104 551 209 614 neque
223 529 286 594 hoo
304 551 443 614 parvum
461 526 584 594 crimen
602 550 697 614 quern
717 529 758 594 ad
776 531 907 596 modum
927 529 1115 596 defensurus

106 617 164 702 sit,
186 616 285 683 bomo
309 618 481 702 quisquam
503 639 657 702 umquam
680 618 888 704 excogitabit.

76 721 91 762 a
173 705 267 782 Quod
285 727 358 770 oum
376 707 424 772 ita
442 706 495 789 sit,
514 706 611 772 audes
633 706 738 772 dicere
755 711 790 772 te
808 729 928 794 magno
947 707 1097 773 decumas
1118 720 1167 770 110

104 794 301 879 vendidisse,
328 815 402 860 cum
429 795 474 859 sit
500 795 707 880 perspicuum
733 798 767 860 te
794 796 882 860 bona
902 795 1116 880 fortunasque

105 886 273 948 aratorum
294 903 361 949 non
384 883 498 968 populi
515 882 664 968 Romani,
688 884 744 949 sed
766 884 816 948 tui
841 888 995 969 quaestus
1018 905 1116 949 eausa

105 970 311 1037 vendidisse?
352 969 412 1055 Ut,
441 972 469 1036 si
498 973 553 1056 qui
579 972 695 1037 uilicus
724 993 762 1056 ex
788 993 826 1037 eo
848 972 962 1057 fimdo,
990 972 1046 1056 qui
1070 993 1116 1037 se·

106 1059 221 1125 startia
244 1059 326 1124 dena
349 1059 547 1144 meritasset,
573 1060 688 1126 excisis
712 1060 883 1126 arboribus
907 1082 945 1126 ac
966 1060 1116 1145 uenditis,

64 1161 92 1201 1⁰
107 1148 247 1234 demptis
273 1148 409 1234 tegulis,
435 1148 666 1233 instrumento,
693 1169 808 1235 pecore
831 1149 1031 1233 abalienato,
1059 1149 1116 1213 do-

105 1237 195 1302 mino
213 1255 263 1301 xx
281 1236 373 1301 milia
390 1258 558 1302 nummum
576 1255 680 1322 prox
699 1237 835 1322 miserit,
858 1238 922 1302 sibi
941 1237 1005 1302 alia
1024 1258 1116 1322 prae

104 1329 196 1390 terea
223 1329 353 1390 centum
380 1325 568 1409 confecerit,
595 1326 703 1411 primo
732 1326 880 1391 dominus
907 1326 1041 1412 ignarus
1069 1325 1116 1389 in-

106 1414 267 1479 commodi
286 1414 336 1478 sui
355 1414 496 1500 gaudeat
518 1414 679 1499 vilicoque
703 1413 889 1499 delectetur,
913 1414 998 1498 quod
1021 1416 1115 1478 tanto

105 1503 180 1587 plus
200 1502 263 1566 sibi
282 1503 438 1567 mercedis
458 1524 496 1566 ex
516 1501 617 1568 fundo
639 1502 796 1568 refectum
820 1503 874 1587 sit,
897 1503 1019 1586 deinde,
1043 1524 1116 1567 eum

66 1602 94 1643 1⁵
108 1590 247 1655 audierit
269 1611 324 1655 eas
346 1611 408 1675 res,
432 1590 549 1675 quibus
571 1590 664 1655 fundi
685 1590 810 1656 fructus
834 1595 869 1656 et
891 1593 1018 1657 cultura
1043 1613 1116 1656 oon-

106 1679 239 1763 tinetur,
262 1682 389 1744 amotas
412 1682 446 1743 et
468 1678 626 1762 venditas,
649 1701 776 1744 summo
800 1680 959 1766 supplicio
981 1679 1115 1744 vilicum

107 1767 230 1832 afficiat
248 1770 281 1831 et
300 1788 408 1832 seeum
426 1768 512 1832 male
531 1770 640 1832 actum
661 1770 769 1852 putet:
791 1767 869 1832 item
894 1768 1034 1854 populus
1053 1767 1116 1850 Ro·

107 1877 231 1938 manus,
250 1877 323 1921 cum
338 1855 429 1920 audit
446 1855 549 1939 pluris
569 1855 719 1920 decumas
736 1856 919 1921 vendidisse
934 1853 968 1920 O.
978 1855 1116 1920 Verrem

108 1966 205 2028 quam
223 1944 523 2010 innocentissimum
541 1943 716 2028 hominem,
739 1944 790 2010 cui
811 1944 875 2024 iste
898 1944 1062 2026 successit,
1081 1941 1115 2008 O.

65 2045 94 2086 ²⁰
108 2031 324 2117 Sacerdotem,
346 2036 442 2118 putat
461 2054 495 2096 se
517 2033 639 2097 bonum
661 2033 697 2097 in
719 2032 921 2098 arationibus
943 2031 1116 2097 fructibus·

108 2143 171 2206 que
193 2121 260 2186 suis
282 2121 436 2186 habuisse
458 2120 626 2186 custodem
649 2143 686 2186 ac
708 2121 853 2205 vilicum3
882 2143 954 2186 eum
978 2119 1116 2185 senserit

107 2211 208 2275 istum
236 2230 330 2274 omne
354 2209 608 2274 instrumentum
631 2213 811 2294 aratorum,
839 2209 949 2273 omnia
971 2208 1117 2273 subsidia

107 2297 318 2384 vectigalium
337 2297 528 2383 vendidisse,
551 2309 680 2362 omnem
701 2317 792 2382 spem
815 2296 1019 2382 posteritatis
1043 2319 1116 2361 ava·

108 2386 186 2451 ritia
222 2407 281 2451 sua
317 2386 502 2470 sustulisse,
538 2385 702 2451 arationes
735 2389 768 2451 et
805 2407 902 2472 agros
937 2384 1116 2470 vectigales

66 2487 94 2528 ²⁵
108 2478 256 2540 vastasse
289 2477 386 2559 atque
414 2472 608 2558 exinanisse,
638 2474 747 2559 ipsum
774 2473 933 2539 maximos
961 2476 1116 2559 quaestus

107 2563 308 2648 praedasque
334 2562 463 2646 fecisse,
489 2563 661 2648 intelleget
688 2583 795 2628 secum
822 2583 892 2627 esse
916 2565 1024 2628 actum
1046 2583 1117 2646 pes-

109 2651 200 2734 sime,
212 2652 314 2716 istum
326 2654 435 2716 autem
447 2671 573 2716 summo
589 2650 748 2736 supplicio
760 2651 895 2736 dignum
907 2649 1168 2763 existimabit.51

175 2738 270 2804 Unde
288 2760 367 2826 ergo
384 2739 447 2804 hoc
467 2739 616 2825 intellegi
633 2740 765 2825 potest?
801 2739 852 2803 Ex
869 2739 932 2805 hoo
949 2738 1099 2820 maxime,
1119 2776 1169 2825 120

109 2827 196 2913 quod
215 2848 292 2914 ager
311 2827 505 2893 decumanus
523 2827 708 2912 provinciae
723 2825 851 2893 Siciliae
869 2829 1004 2911 propter
1021 2825 1116 2889 istius

67 2931 95 2971 ⁸⁰
110 2916 283 2982 avaritiam
311 2916 457 2981 desertus
485 2920 544 2982 est.
588 2915 701 3001 Neque
728 2916 762 2980 id
790 2916 897 2980 solum
924 2912 1054 2995 accidit,
1080 2916 1118 2976 ut

108 3004 134 3069 ii
154 3005 261 3069 minus
285 3004 399 3069 multis
421 3003 509 3089 iugis
532 3008 672 3088 ararent,
695 3004 724 3068 si
747 3003 859 3088 quiin
882 3001 971 3088 agris
993 3021 1118 3065 reman-

110 3097 235 3177 semnt,
272 3093 329 3157 sed
362 3092 462 3157 etiam
494 3095 532 3157 ut
563 3092 719 3177 permulti
749 3091 927 3174 locupletes
959 3088 1118 3172 homines,

109 3180 222 3266 magni
250 3185 283 3245 et
311 3181 410 3267 gnavi
437 3183 597 3264 aratores,
625 3201 722 3266 agros
746 3179 831 3243 latos
856 3199 892 3243 ac
914 3177 1040 3242 fertiles
1064 3177 1118 3240 de-

110 3272 254 3334 sererent
285 3272 438 3354 totasque
470 3269 632 3336 arationes
661 3267 928 3351 derelinquerent.
972 3264 1011 3329 Id
1038 3265 1117 3332 adeo

68 3371 95 3412 ⁸⁵
110 3357 187 3422 sciri
217 3356 373 3422 facillima
404 3360 514 3443 potest
546 3379 585 3421 ex
615 3354 734 3421 litteris
766 3353 906 3440 publicis
939 3353 1118 3438 civitatum,

108 3447 284 3530 propterea
298 3446 384 3530 quod
398 3446 471 3532 lege
484 3443 660 3510 Hieronica
672 3464 824 3508 numerus
841 3447 1007 3508 aratorum
1027 3445 1119 3526 quot-

110 3533 205 3598 annis
233 3535 319 3621 apud
347 3534 560 3620 magistratus
587 3531 716 3618 publice
742 3531 964 3599 subscribitur.
1005 3530 1119 3597 Recita
