2622 3884
332 194 400 250 LIB.
413 195 453 252 III
480 195 557 252 GAP.
577 201 682 252 65-67
701 201 717 261 ἕ
738 200 887 251 lca—157.
1049 195 1114 259 333

101 342 234 407 videtur
247 339 290 406 ad
304 361 398 406 omne
413 362 515 427 genus
533 339 698 425 nequitiae
717 339 981 405 accommodata?
1005 339 1116 425 Voce,

99 449 143 494 in
158 447 309 513 raanan,
322 445 554 494 unaruacuuo
568 445 637 494 nuo
651 444 795 493 caunas.
818 426 972 494 Camerti
986 428 1115 512 quidem

100 519 139 582 in
167 517 268 584 lucris
296 520 393 602 atque
422 517 481 598 [in]
509 517 619 602 furtis,
648 515 778 602 gemino
806 519 839 581 et
866 516 1034 582 simillimo
1061 539 1116 582 ne·

101 606 224 691 quitia,
259 605 486 690 improbitate,
521 605 664 670 audacia.
713 603 755 668 ΙΝ
788 621 952 671 conoaru
986 622 1096 671 canus
1126 601 1167 666 67

74 712 302 760 omnesne
340 693 424 771 Quid
443 697 493 758 cst
514 693 577 759 hoa
595 692 641 758 ‘in
664 691 832 758 eohorte'?
865 714 929 777 quo
952 694 1116 778 pertinet?

102 783 291 869 Apronium
305 781 422 847 doces?
442 781 540 866 quid‘?
562 781 598 847 in
616 784 759 846 vestram
778 781 945 846 cohortem
964 784 997 845 te
1016 783 1117 847 moni·

102 876 178 937 tore
207 893 251 936 an
278 892 337 935 sua
364 874 480 956 sponte
507 870 721 955 pervenerat?
754 867 854 943 QUOD
879 885 1006 946 cuman
1030 887 1116 936 orus

103 977 186 1043 nsr,
215 976 359 1026 orpora.
405 957 476 1035 Qua
500 957 690 1043 inpudentia
716 957 841 1040 putatis
864 978 938 1022 eum
960 957 995 1021 in
1017 957 1117 1022 domi-

104 1048 241 1113 natione
267 1046 382 1130 fuisse,
414 1046 469 1131 qui
494 1046 530 1111 in
556 1047 635 1132 fuga
661 1049 730 1110 tam
757 1045 925 1128 improbus
951 1045 1016 1109 sit‘?
1058 1045 1118 1109 Ait

68 1154 92 1194 1⁰
106 1136 219 1201 omnia
237 1135 372 1220 pecunia
393 1134 478 1199 effici
499 1155 609 1218 posse3
633 1134 718 1216 darc,
740 1132 935 1218 profundere
958 1136 1117 1218 oportere,

106 1225 136 1289 si
167 1224 251 1289 velis
283 1222 419 1289 vincere.
464 1220 541 1287 Non
569 1223 632 1287 hoc
659 1222 740 1288 mihi
767 1224 836 1286 tam
864 1221 1039 1286 molestum
1067 1227 1118 1287 est

106 1311 257 1397 Apronio
283 1311 416 1376 suadere
439 1310 689 1394 Timarchidem,
717 1331 816 1394 quam
839 1309 924 1393 quod
947 1309 1009 1375 hoc
1031 1310 1117 1376 idem

106 1405 249 1485 patrono
277 1421 335 1464 suo
363 1398 529 1483 praecipit.
575 1398 624 1463 Tu
648 1415 879 1463 coercuisse
903 1416 1019 1465 ouans
1042 1417 1117 1463 vrr-

108 1507 199 1554 oann
215 1505 359 1554 sonum.
390 1486 493 1552 Verre
512 1486 641 1571 quidem
660 1490 818 1570 praetore,
835 1508 902 1552 non
917 1484 1099 1572 Sacerdote,
1120 1497 1171 1549 156

70 1593 96 1634 1⁵
108 1599 176 1642 non
192 1575 370 1660 Peducaeo,
392 1597 459 1642 non
476 1574 539 1640 hoc
556 1575 628 1660 ipso
647 1574 790 1639 Metello.
822 1571 900 1640 Sors
917 1574 1118 1641 Munnuuuu

109 1681 307 1730 SAPIENTEM
338 1680 429 1730 lassu.
482 1661 555 1728 Hoc
586 1685 663 1728 vero
695 1663 774 1728 ferri
804 1661 871 1727 iam
902 1684 968 1727 non
999 1667 1118 1747 potest,

108 1752 242 1817 inrideri
259 1752 322 1816 viri
340 1751 464 1837 optimi,
482 1749 518 1816 L.
531 1750 666 1834 Metelli,
688 1751 856 1836 ingenium
875 1753 923 1831 [et
941 1752 1118 1832 contemni]

110 1863 147 1906 aa
174 1840 296 1924 despici
323 1862 343 1904 a
368 1839 508 1925 fugitivo
533 1839 747 1904 Timarchide.
793 1837 830 1904 Sl
848 1838 1037 1904 Vonrlenm
1058 1856 1119 1903 ΗΑ-

109 1946 217 2013 auare,
236 1946 346 1994 ouum
360 1944 586 1994 unemundus
601 1943 794 1994 cormunis
830 1924 893 1990 Hic
911 1925 1119 1992 vehementer
1145 1944 1147 1949 ·

72 2035 98 2076 ao
112 2020 199 2082 errat
217 2015 447 2100 Timarchides,
471 2015 527 2099 qui
546 2015 779 2081 autVolteium
798 2014 961 2098 eorrumpi
983 2015 1120 2098 pecunia

110 2109 204 2188 putet
240 2126 350 2189 posse,
386 2108 443 2170 aut
476 2104 646 2169 Metellum
682 2103 777 2168 unius
814 2099 985 2168 arbitratu*
1008 2123 1119 2188 gerere

111 2197 307 2278 praeturam,
321 2192 378 2256 sed
392 2194 480 2256 errat
494 2192 672 2257 domestica
684 2191 877 2258 coniectura.
901 2188 984 2266 Quia
997 2192 1119 2257 multoe

114 2285 146 2346 et
164 2302 223 2364 per
242 2303 276 2346 se
295 2285 328 2344 et
351 2302 409 2364 per
432 2280 514 2345 alios
537 2281 642 2344 multa
664 2279 859 2344 ludibundos
884 2279 969 2363 apud
983 2278 1120 2345 Verrem

114 2369 256 2434 effecisse
283 2369 378 2452 vidit,
406 2369 447 2433 ad
474 2369 579 2434 omnis
607 2367 737 2433 eosdem
764 2372 877 2450 patere
904 2367 1011 2432 aditus
1035 2369 1120 2433 arbi·

74 2475 100 2516 aa
113 2461 229 2522 tratur.
268 2455 410 2522 Facibus
432 2478 491 2522 vos
515 2455 705 2521 efficiebatis
728 2455 906 2540 ludibundi,
929 2476 1011 2540 quae
1035 2458 1121 2522 vole

114 2545 209 2628 batis,
227 2545 364 2628 aVerre,
378 2545 464 2629 quod
477 2545 583 2609 multa
597 2545 664 2608 eius
679 2543 829 2608 ludorum
848 2565 968 2630 genera
984 2546 1118 2610 noratis.

114 2633 340 2698 Iucuuccruir
357 2650 422 2698 aar
441 2633 615 2698 Marcone
634 2650 680 2696 ur
693 2632 856 2698 Vonnnro
875 2650 920 2696 uu
939 2650 1119 2699 ARATORES

114 2738 306 2787 uvussrlssa.
348 2720 427 2796 Quis
449 2721 535 2786 istuc
551 2720 698 2806 Apronio
722 2720 931 2802 attribuebat,
955 2741 1028 2785 cum
1051 2743 1120 2785 ara·

115 2814 218 2875 torem
252 2809 394 2894 aliquem
426 2812 601 2891 everterat,
637 2812 694 2873 aut
725 2808 937 2890 Timarchidi,
973 2829 1045 2872 cum
1078 2807 1119 2872 ob

78 2918 104 2958 ao
116 2897 319 2962 iudicandum
338 2900 394 2962 aut
413 2897 646 2962 decernendum
670 2900 726 2961 aut
748 2895 973 2980 imperandum
997 2894 1119 2977 aliquid

117 2989 171 3050 aut
193 2986 422 3050 remittendum
445 2985 613 3070 pecuniam
637 2988 814 3069 acceperat,
837 2987 895 3048 aut
917 2981 1027 3046 Sextio
1052 2982 1119 3062 [lic-

116 3073 206 3156 tori],
243 3095 315 3138 cum
348 3074 489 3157 aliquem
520 3073 725 3138 innocentem
758 3070 861 3137 securi
892 3071 1119 3154 percusserat?

116 3161 232 3246 Nemo,
259 3161 288 3225 ei
314 3162 400 3227 enim
425 3182 537 3226 omnes
559 3164 630 3225 tum
653 3159 890 3242 attribuebant,
918 3179 1013 3241 quem
1035 3179 1120 3224 nuno

116 3249 321 3315 condemnari
356 3248 478 3314 volunt.
528 3249 766 3314 Oanunaauur
802 3263 881 3312 urus
914 3262 1024 3312 cunas
1057 3263 1102 3311 uu
1123 3257 1173 3308 rar

79 3357 104 3398 a
118 3355 242 3404 socrun
260 3355 451 3403 PRAETORIS
469 3353 600 3402 rmssa.
632 3336 781 3418 Videsne,
799 3335 862 3399 hoc
880 3356 978 3418 quam
996 3335 1121 3400 clarum

117 3426 159 3490 sit
190 3428 223 3490 et
253 3424 365 3510 fuerit,
398 3448 470 3491 cum
503 3425 602 3489 etiam
629 3422 850 3488 Timarchides
882 3422 944 3488 hoa
974 3423 1120 3488 metuat?

117 3512 302 3580 concedisne
328 3536 396 3579 non
417 3514 478 3578 hoc
501 3513 623 3576 crimen
644 3532 704 3575 nos
727 3511 762 3576 in
784 3515 818 3576 te
841 3512 1038 3596 confingere,
1065 3510 1120 3576 sed
