2622 3884
1284 27 1294 70 ·(

191 184 258 248 456
494 179 534 234 IN
553 180 581 236 0.
595 177 751 236 VERREM
767 179 845 236 Aer.
864 182 898 236 ΙΙ,
1282 178 1287 243 Ι

193 329 316 393 datum,
336 325 378 391 iri
408 325 578 410 pecuniam
607 326 768 410 accepisse
795 347 900 410 neque
928 325 1073 391 devere
1101 328 1203 393 archi-
1282 326 1287 399 1

191 417 300 501 pirata
325 414 503 498 sumpsisse
526 413 735 498 supplicium,
761 413 834 478 ideo
858 436 893 479 se
916 415 1021 479 securi
1043 437 1112 480 non
1134 439 1202 501 per·
1281 418 1287 501 Ι

191 504 344 587 oussisse;
368 502 455 568 domi
474 523 544 567 esse
564 501 649 587 apud
673 523 742 567 sese
767 502 983 587 archipiratas
1006 503 1090 567 dixit
1114 504 1203 570 duos.

137 592 218 657 (40
247 591 453 657 elementiam
480 591 595 675 populi
617 590 757 656 Romani
785 612 842 655 seu
867 591 978 676 potius
1005 591 1203 676 patientiam

191 681 309 745 miram
336 701 374 745 ac
400 680 613 765 singulareml
660 677 772 744 Civem
794 678 978 744 Romanum
1001 680 1109 745 securi
1133 698 1224 745 essee

190 790 379 854 percussum
406 768 449 833 M.
472 767 613 851 Annine,
643 789 740 851 eques
768 766 949 852 Romanus,
980 767 1071 852 dicit,
1100 772 1203 852 taces3

68 889 69 892 ¹
191 858 424 942 archipiratam
448 860 562 942 negat,
588 855 711 920 fateris
757 855 812 920 Fit
835 857 975 941 gemitus
999 857 1148 921 omnium
1171 862 1203 922 et

190 948 327 1030 clamor,
359 968 432 1010 oum
463 949 575 1009 tamen
603 966 623 1009 a
653 943 818 1029 praesenti
851 944 1009 1029 supplicio
1042 949 1101 1009 tuo
1131 968 1203 1011 ecn-

189 1035 290 1100 tinuit
324 1034 464 1118 populus
495 1033 662 1098 Romanus
696 1054 731 1097 se
766 1037 799 1096 et
830 1033 986 1118 repressit
1017 1037 1052 1098 et
1084 1035 1202 1098 salutis

190 1146 267 1189 suae
299 1122 460 1187 rationem
492 1121 634 1187 iudicum
664 1121 834 1186 severitati
857 1121 1046 1200 reservavit.
1094 1122 1202 1198 Quid?
1215 1139 1235 1178 ι(
1293 1167 1294 1186 s

190 1211 315 1277 sciebas
334 1211 397 1275 tibi
415 1209 542 1276 crimini
562 1209 675 1274 datum
697 1209 760 1274 iri?
785 1232 882 1293 quam
907 1211 949 1275 ob
972 1231 1041 1274 rem
1065 1211 1203 1294 sciebas,

190 1298 445 1383 quamobrem
469 1298 569 1362 etiam
593 1297 822 1383 suspicabare?
858 1297 1031 1363 Inimicum
1053 1297 1202 1363 habebas

188 1387 365 1469 neminem3
383 1385 413 1450 si
426 1386 573 1469 haberes,
591 1389 702 1450 tamen
715 1387 847 1451 nonita
865 1387 1003 1470 vixeras,
1019 1389 1057 1450 ut
1075 1385 1201 1452 metum

68 1536 72 1546 ,
187 1475 298 1539 iudicii
325 1474 531 1558 propositum
558 1474 679 1539 habere
706 1474 849 1539 deberes.
894 1474 948 1538 An
975 1477 1022 1558 te,
1051 1474 1087 1538 id
1116 1476 1202 1560 quod

188 1563 259 1627 fieri
283 1563 381 1646 solet,
407 1562 605 1627 conscientia
627 1563 779 1628 timidum
802 1563 1081 1647 suspiciosumque
1105 1563 1236 1629 facie-1⁵

188 1651 267 1715 bat?
310 1649 372 1725 Qui
398 1651 514 1736 igitur,
542 1673 616 1716 cum
644 1672 731 1715 esses
760 1673 836 1716 cum
860 1651 1011 1736 imperio,
1038 1651 1107 1716 iam
1130 1655 1201 1716 turn

188 1739 310 1804 crimen
338 1743 371 1803 et
393 1738 547 1804 iudicium
569 1738 748 1822 horrueris,
775 1761 848 1804 cum
870 1743 922 1804 tct
944 1739 1085 1803 testibus
1110 1761 1201 1806 coar-

136 1840 168 1888 ve
189 1849 298 1912 guare,
312 1831 406 1910 potes
421 1827 460 1892 de
475 1827 682 1891 damnatione
691 1827 869 1892 dubitare?
896 1826 1019 1891 Verum
1034 1827 1063 1891 si
1077 1828 1201 1893 crimen

187 1917 249 1981 hoc
267 1917 446 1998 metuebas,
468 1937 508 1978 ne
528 1915 600 1998 quis
619 1915 825 1998 suppositum
844 1914 903 1979 abs
922 1918 955 1978 te
975 1936 1044 1979 esse
1069 1916 1200 2000 diceret,

188 2004 244 2086 qui
275 2017 335 2088 pro
368 2003 567 2086 archipirata
600 2003 703 2067 securi
732 2002 897 2085 feriretur,
928 2006 1038 2067 utrum
1066 2004 1233 2068 candens

187 2092 249 2156 tibi
281 2091 323 2156 ad
350 2091 570 2155 defensionem
596 2089 722 2155 firmius
749 2091 821 2155 fore
847 2090 985 2174 putasti,
1016 2091 1052 2154 in
1079 2091 1199 2157 iudicio

187 2184 301 2246 coactu
334 2183 432 2262 atque
465 2178 648 2264 efflagitatu
679 2201 751 2243 meo
784 2180 962 2262 producere
994 2178 1035 2242 ad
1064 2179 1200 2265 ignotos

187 2271 281 2332 tanto
308 2272 385 2350 post
408 2289 495 2351 eum,
523 2289 619 2351 quem
642 2267 874 2351 archipiratam
898 2287 968 2331 esse
992 2267 1130 2350 diceres,
1158 2291 1200 2334 an

187 2355 310 2419 recenti
331 2376 366 2418 re
399 2352 567 2439 Syracusis
605 2355 690 2439 apud
721 2359 817 2420 notos
850 2355 1053 2439 inspectante
1087 2353 1199 2421 Sicilia

186 2463 288 2526 paene
312 2445 384 2507 tota
408 2443 512 2507 securi
533 2443 653 2508 ferire?
693 2443 791 2526 Vide,
818 2443 895 2527 quid
917 2443 1060 2528 intersit,
1087 2449 1199 2511 utrum
1211 2459 1233 2500 2⁵

186 2529 369 2595 faciendum
393 2529 506 2615 fuerit,
532 2532 568 2596 in
589 2531 648 2596 illo
672 2531 878 2616 reprehensio
901 2531 995 2597 nuile
1018 2536 1118 2616 esset,
1145 2533 1198 2599 hic

187 2619 330 2684 defensio
358 2619 451 2683 nulla
478 2623 536 2684 est.
582 2620 697 2704 Itaque
721 2620 804 2684 illud
827 2641 955 2704 semper
979 2642 1090 2684 omnes
1113 2621 1198 2686 fece-

186 2712 272 2791 runt,
294 2708 364 2792 hoc,
377 2708 448 2791 quis
469 2711 544 2772 ants
562 2712 605 2791 te,
629 2708 702 2792 quis
720 2711 849 2792 praeter
867 2712 901 2772 te
919 2707 1043 2792 feccrit,
1066 2731 1197 2793 quaero.

185 2795 331 2861 Piratam
349 2796 459 2861 vivom
480 2795 624 2860 tenuisti.
661 2796 765 2872 Quem
788 2796 829 2860 ad
850 2796 971 2861 finem?
1011 2795 1099 2862 Dum
1123 2820 1197 2863 cum
1293 2847 1294 2882 3

185 2884 323 2969 imperio
350 2883 452 2949 fuisti.
493 2883 598 2958 Quam
623 2883 666 2948 ob
690 2906 834 2968 causam,
862 2906 925 2968 quo
949 2885 1112 2969 exemplo,
1140 2908 1197 2952 cur
1210 2902 1233 2942 (ο

186 2975 255 3036 tam
278 2973 355 3038 diu?
379 2995 445 3055 cur,
467 2971 610 3056 inquam,
633 2971 757 3037 civibus
776 2971 942 3056 Romanis,
965 2994 1046 3056 quos
1069 2973 1197 3057 piratae

186 3065 355 3144 ceperant,
373 3060 491 3124 securi
524 3060 637 3124 statim
668 3061 830 3144 percussis
859 3060 940 3146 ipsis
967 3061 1084 3146 piratis
1113 3062 1196 3127 lucis
1293 3078 1294 3104 ¹

133 3159 167 3209 ‘16
186 3170 319 3213 usuram
337 3153 408 3213 tam
431 3148 617 3213 diuturnam
641 3148 780 3213 dedisti?
816 3147 940 3214 Verum
963 3153 1043 3233 est'c,
1067 3149 1111 3213 sit
1134 3151 1197 3214 tibi
1293 3111 1294 3182 1

187 3235 270 3300 illud
288 3236 428 3301 liberum
446 3258 541 3301 omne
559 3241 698 3321 tempus,
719 3236 826 3319 quoad
844 3253 917 3302 cum
935 3237 1071 3320 imperio
1089 3237 1196 3325 fuisti3

187 3323 329 3388 etiamne
351 3325 513 3408 privatuS,
542 3324 682 3388 etiamne
704 3345 792 3408 reus,
820 3325 960 3389 etiamne
982 3347 1084 3408 paene
1108 3325 1196 3392 dam·
1209 3344 1233 3384 35
1293 3355 1294 3358 “

185 3412 284 3473 natus
298 3409 444 3475 hostium
459 3410 553 3474 duces
568 3411 698 3494 privata
711 3411 747 3474 in
760 3410 855 3476 domo
870 3411 1057 3477 retinuisti?
1075 3411 1195 3499 Unum,
1293 3417 1294 3420 ’

108 3513 111 3521 “
178 3497 327 3588 alterurn
359 3518 517 3579 mensem,
547 3519 649 3582 prope
682 3519 802 3562 annum
835 3499 972 3584 denique
1003 3501 1091 3565 domi
1118 3504 1195 3567 tuae
