2576 3882
191 207 257 272 270
483 205 523 258 IN
542 205 570 261 O.
591 203 745 261 VERREM
763 204 842 260 Ace.
862 203 895 260 11.

191 350 326 416 ulterius
352 350 554 434 impudentia
579 349 630 416 sui
652 349 785 436 pudoris
809 349 1087 416 existimationem
1112 352 1216 416 emit
1267 403 1268 438 p

190 442 306 504 terent.
354 438 464 504 Liberi
495 439 582 504 enim
613 439 655 503 ed
685 459 801 505 eeuses
835 438 999 522 solutique
1026 439 1216 506 veniebant
1267 439 1268 442 ’

190 549 293 612 neque
315 527 572 612 committebant,
594 531 640 610 ut,
663 526 692 592 si
715 526 919 612 impudentes
941 527 977 591 in
999 526 1213 593 defendendo

191 635 262 680 esse
288 615 483 702 noluissent,
511 615 635 703 ingrati
661 615 697 680 in
726 615 899 680 deserendo
927 615 1213 682 existimarentur.

452 1110 501 1184 Μ.
526 1109 668 1182 TULLI
695 1107 944 1184 cloussoms

217 1272 454 1360 Aorlouls
486 1273 543 1358 IN
576 1273 619 1359 O.
648 1273 868 1360 VERREM
900 1270 1192 1359 SECUNDAE
1270 1322 1271 1372 t

347 1439 480 1506 omne
502 1438 691 1508 suerrus
713 1441 773 1508 uu
796 1438 1047 1509 ueoueuro.

495 1721 900 1789 ARGUMENTUM.

263 1843 317 1899 Hie
338 1842 411 1900 hbet
423 1844 519 1900 Verris
540 1844 617 1899 furte
637 1843 669 1898 in
691 1843 768 1898 omni
789 1841 925 1898 fruinenti
944 1859 1047 1914 genere
1066 1846 1210 1902 eontinet.

191 1913 336 1970 Frumenti
357 1918 464 1984 eutem,
489 1916 565 1984 quod
585 1915 700 1986 praetor
723 1914 823 1970 Siculis
847 1915 883 1969 eb
907 1915 1064 1970 eretoribus
1089 1917 1211 1988 exigere
1272 1932 1273 1980 ξ

190 1989 305 2056 poteret
318 1988 347 2068 et
364 1987 494 2069 debebat,
513 1989 575 2041 eret
591 1986 713 2068 primum
731 1985 963 2053 deoumenum,
981 1986 1057 2054 quod
1075 1989 1210 2070 eretores

190 2056 1211 2209 trttttetutdbtussfiibtffefititt'efflffldteisstffi

192 2198 238 2252 oui
259 2198 382 2268 pretium
400 2201 461 2253 eret
479 2214 497 2252 e
515 2201 614 2254 senatu
631 2198 730 2269 populi
747 2197 825 2252 Rom.
845 2199 1026 2252 constitutum
1043 2216 1073 2252 m
1091 2200 1209 2255 modios

191 2268 385 2396 dedeo
396 2268 1209 2410 euenereueneremur

193 2410 286 2479 elego
299 2409 432 2464 Terentio
449 2410 480 2464 et
493 2407 590 2464 Gessie
606 2409 798 2477 frumentum,
816 2411 922 2478 quante
938 2409 1074 2479 peouniee
1092 2428 1211 2467 summe

192 2481 223 2534 in
244 2483 393 2547 unumque
412 2478 518 2550 empti
536 2496 624 2550 genus
643 2496 678 2534 ex
696 2480 804 2535 uererio
822 2481 1037 2550 impenderetur.
1075 2481 1209 2536 Tertium

193 2552 256 2606 eret
278 2549 495 2606 eostimetum
517 2550 552 2603 iu
574 2550 709 2618 collem,
732 2550 807 2619 quod
829 2567 864 2605 ex
886 2552 1000 2605 senatus
1023 2551 1155 2606 consulto
1178 2555 1210 2606 et

192 2620 303 2690 legibus
325 2620 450 2691 preetori
471 2620 502 2674 in
524 2621 625 2675 oellem
649 2621 687 2675 ed
703 2638 771 2676 usus
790 2637 854 2675 suos
872 2620 1070 2690 impetebatur.
1107 2620 1210 2676 Debet

193 2693 307 2746 senatus
325 2691 469 2760 queestori
485 2691 625 2761 praetoris
643 2694 751 2746 eertum
768 2708 803 2746 ex
822 2691 929 2746 eererio
946 2690 1108 2762 pecuniam,
1126 2692 1208 2747 unde

194 2762 229 2817 eb
244 2763 402 2817 aratoribus
417 2764 530 2830 emeret,
549 2762 703 2831 etquidem
716 2762 841 2816 modium
859 2760 948 2816 tritici
960 2761 1006 2815 HS
1024 2760 1085 2829 1111,
1102 2761 1210 2817 hordei

194 2835 290 2888 eutem
316 2833 361 2888 HS
385 2833 420 2888 Π.
466 2833 549 2886 Illam
578 2832 727 2903 peouniem
759 2832 916 2886 oratoribus
944 2832 1150 2887 ednumerebet
1179 2835 1210 2888 et

193 2904 295 2960 deinde
324 2905 495 2958 immeritum
521 2903 689 2970 vehebatur,
718 2919 773 2972 quo
800 2903 923 2958 volebat.
963 2901 1081 2958 Licebat
1107 2905 1209 2958 eutem

192 2975 318 3046 praetori
330 2977 440 3030 tentem
453 2973 610 3045 peouniem,
624 2975 759 3041 quantem
773 2990 893 3042 eequum
907 2976 975 3042 eret,
993 2975 1030 3029 eb
1045 2974 1210 3030 emtoribus

192 3063 244 3116 pro
267 3047 408 3100 frumento
431 3047 461 3100 et
481 3046 597 3099 vectura
618 3043 731 3112 pacisci.
767 3043 828 3098 lem
850 3044 973 3115 primum
995 3060 1013 3099 e
1031 3061 1054 3100 e.
1073 3051 1090 3100 6
1113 3046 1153 3100 ed
1175 3053 1210 3101 70

193 3117 306 3173 frendes
325 3119 354 3171 et
369 3117 447 3173 forte
459 3114 554 3170 Verris
573 3113 603 3167 in
621 3114 788 3184 deoumeno,
809 3131 867 3171 eo.
889 3123 923 3172 70
942 3116 978 3169 ed
997 3122 1029 3171 81
1049 3114 1080 3170 in
1098 3119 1209 3187 empto,

193 3189 294 3244 deinde
311 3188 342 3242 in
360 3186 511 3242 aestimeto
531 3185 661 3240 ostendit.

160 3312 177 3436 ἒ
260 3349 392 3431 Omnes,
420 3348 476 3433 qui
499 3349 652 3431 alterum,
674 3347 808 3430 iudices,
829 3347 930 3412 nullis
953 3346 1076 3432 inpulsi
1098 3347 1209 3414 inimi-

193 3437 292 3519 citiis,
314 3435 406 3500 nulle
428 3436 582 3520 privatim
605 3435 687 3500 loesi
708 3434 839 3518 iniuria,
861 3435 954 3499 nullo
977 3436 1124 3520 praemio
1150 3438 1208 3502 ed-

193 3523 281 3586 dueti
298 3522 333 3584 in
350 3523 504 3589 iudicium
522 3523 570 3588 rei
590 3524 739 3606 publicae
762 3543 859 3586 cause
882 3526 1010 3605 vooent,
1033 3525 1209 3608 providere
