2622 3884
162 164 227 230 490
460 164 499 219 IN
518 163 714 220 evaunen
733 163 811 219 scu
830 166 865 219 11.

161 331 258 376 causa
284 313 343 375 tus
369 309 426 393 sit,
453 312 486 372 et
513 308 590 392 quid
618 309 657 373 de
679 313 713 374 te
734 308 881 373 futurum
905 308 962 394 sit,
989 307 1035 372 sic
1057 311 1169 374 tecum

161 419 265 483 agam.
302 396 440 462 Gavium
457 396 566 480 istum,
589 418 686 480 quem
703 398 908 481 repentinum
929 397 1169 481 speculatorem

159 486 260 551 fuisse
293 485 385 568 dicis,
417 484 586 550 ostendam
618 485 653 550 in
684 485 859 549 lautumias
888 482 1055 568 Syracusis
1083 507 1102 548 a
1131 488 1168 548 te

160 595 232 638 esse
258 572 452 656 coniectum,
478 594 582 656 neque
604 573 638 637 id
661 573 767 638 solum
791 595 829 636 ex
851 572 971 637 litteris
995 571 1167 637 ostendam

161 659 449 745 Syracusanorum,
471 682 512 725 ne
534 661 641 745 possis
665 661 769 726 dicere
792 683 857 745 me,
880 661 957 745 quia
979 661 1023 725 sit
1046 660 1195 745 aliquisa

160 751 194 814 in
221 749 340 813 litteris
364 747 499 833 Gavius,
525 748 588 813 hoc
614 749 737 834 fingere
765 753 798 813 et
826 749 945 833 eligere
969 770 1100 832 nomen,
1126 753 1167 813 ut

160 838 245 902 hunc
262 837 357 901 illum
376 857 446 901 esse
464 836 587 921 possim
606 837 718 921 dicere,
742 837 799 902 sed
817 837 858 901 ad
876 836 1048 901 arbitrium
1070 839 1166 901 tuum

159 925 254 990 testis
274 925 367 1008 dabo,
390 924 446 1008 qui
463 925 563 990 istum
580 925 689 1010 ipsum
708 922 877 1008 Syracusis
902 924 961 989 abs
984 928 1018 988 te
1040 926 1075 988 in
1096 924 1166 990 lau-

158 1013 279 1079 tumias
302 1013 481 1079 coniectum
504 1034 575 1077 esse
598 1013 715 1078 dicent.
755 1012 937 1077 Producam
960 1012 1059 1076 etiam
1082 1010 1165 1077 Con·

159 1123 256 1167 aanor
288 1101 465 1185 municipes
496 1101 585 1165 illius
618 1122 655 1165 ao
686 1101 899 1185 necessarios,
931 1099 987 1183 qui
1016 1104 1049 1164 te
1077 1122 1165 1166 nunc
1180 1121 1206 1160 ro

40 1187 43 1206 '
159 1212 231 1255 sero
251 1189 395 1274 doceant,
413 1189 533 1253 iudices
551 1211 618 1254 non
636 1210 717 1270 sero,
737 1189 831 1253 illum
849 1188 884 1253 P.
895 1186 1043 1269 Gavium,
1067 1209 1164 1271 quem

158 1282 195 1343 tu
221 1278 256 1341 in
283 1299 409 1343 enicem
437 1276 546 1362 egisti,
573 1277 675 1342 civem
697 1276 882 1341 Romanum
910 1280 943 1340 et
968 1275 1164 1360 municipem

158 1365 357 1449 Consanum,
378 1385 445 1428 non
468 1365 703 1448 speculatorem
726 1364 938 1450 fugitivorum
959 1363 1070 1428 fuisse.

107 1425 156 1551 idi
224 1452 306 1517 Cum
328 1453 408 1517 haec
431 1453 554 1536 omnia,
576 1475 658 1537 quae
680 1452 851 1538 polliceor,
873 1453 1036 1518 cumulate
1054 1450 1078 1535 †
1096 1452 1162 1517 tuis

157 1540 313 1625 proximis
336 1541 436 1624 plana
457 1539 573 1625 fecero,
594 1545 666 1606 tum
687 1540 774 1606 istuc
794 1541 903 1626 ipsum
926 1541 1052 1623 tenebo,
1076 1540 1162 1625 quod
1177 1559 1204 1600 15

158 1629 216 1693 abs
247 1632 281 1692 te
313 1628 394 1692 mihi
426 1628 535 1712 datur3
571 1651 608 1694 eo
641 1632 829 1695 contentum
861 1651 912 1694 me
944 1649 1016 1693 esse
1048 1628 1161 1694 dicam.

157 1716 242 1793 Quid
274 1716 359 1780 enim
388 1738 491 1801 nuper
516 1717 659 1801 tuipse,
691 1740 765 1782 cum
791 1716 904 1801 populi
930 1716 1071 1782 Romani
1098 1718 1161 1782 cla-

157 1827 246 1870 more
276 1808 373 1888 atque
399 1805 524 1888 impetu
550 1806 760 1890 perturbatus
788 1805 961 1889 exsiluisti,
994 1805 1084 1888 quid,
1111 1805 1161 1869 in-

157 1915 268 1977 quam,
304 1892 432 1958 locutus
466 1894 522 1957 es?
571 1893 684 1978 lllum,
721 1894 806 1977 quod
842 1915 969 1959 moram
1001 1892 1160 1977 supplicio

157 1984 339 2064 quaereret,
365 1981 437 2046 ideo
465 1981 650 2046 clamitasse
678 2003 712 2046 se
740 2003 811 2046 esse
838 1982 941 2046 civem
968 1981 1160 2065 Romanum,
1175 2001 1204 2041 ro

156 2069 213 2132 sed
243 2069 479 2153 speculatorem
507 2068 617 2134 fuisse.
661 2069 733 2134 Iam
759 2069 824 2134 mei
850 2074 952 2135 testes
978 2069 1048 2134 veri
1075 2073 1160 2134 sunt.

156 2155 240 2232 Quid
266 2157 352 2221 enim
380 2156 458 2221 dicit
485 2157 573 2222 aliud
600 2155 635 2222 0.
657 2156 875 2242 Numitorius,
903 2156 979 2241 quid
1005 2157 1048 2221 M.
1069 2162 1102 2223 et
1124 2157 1160 2224 P.

156 2241 271 2327 Cottii,
302 2244 498 2309 nobilissimi
528 2244 676 2310 homines
704 2267 742 2309 ex
769 2266 849 2330 agro
877 2244 1159 2330 Tauromenitano,

157 2331 233 2414 quid
266 2330 302 2406 Q.
329 2332 497 2415 Lucceius,
530 2333 585 2417 qui
617 2333 836 2419 argentariam
867 2332 952 2418 Regi
983 2333 1159 2398 maximam

154 2417 244 2502 fecit,
273 2418 350 2502 quid
377 2421 496 2485 ceteri?
537 2420 652 2486 Adhuc
679 2421 765 2485 enim
792 2425 893 2486 testes
919 2443 957 2485 ox
980 2442 1018 2486 eo
1042 2443 1159 2507 genere
1173 2440 1202 2480 2⁶

155 2527 248 2571 ame
274 2509 351 2570 sunt
373 2507 454 2592 dati,
480 2529 547 2572 non
570 2508 625 2592 qui
647 2509 776 2574 novisse
800 2509 950 2592 Gavium,
977 2509 1034 2575 sed
1057 2531 1091 2573 se
1112 2510 1160 2575 vi·

154 2593 240 2658 disse
268 2593 423 2678 dicerent,
451 2617 524 2659 cum
550 2595 593 2680 is,
621 2597 677 2680 qui
699 2618 734 2661 se
758 2597 859 2661 civem
882 2597 1065 2662 Romanum
1087 2618 1159 2662 esse

155 2682 324 2766 clamaret,
346 2682 381 2746 in
403 2703 529 2748 crucem
552 2687 712 2769 ageretur.
752 2684 823 2750 Hoc
844 2687 896 2769 tu,
918 2683 1050 2769 Verres,
1072 2685 1158 2750 idem

155 2769 244 2854 dicis,
265 2770 327 2834 hoc
344 2773 382 2834 tu
400 2771 574 2855 confiteris,
596 2771 691 2837 illum
709 2772 895 2837 clamitasse
914 2794 947 2837 se
965 2773 1068 2838 civem
1087 2794 1158 2839 esse

154 2857 351 2942 Romanum3
369 2859 455 2943 apud
473 2864 506 2922 te
524 2881 642 2924 nomen
660 2860 803 2925 civitatis
820 2882 862 2926 ne
880 2864 1009 2925 tantum
1029 2860 1157 2944 quidem
1172 2881 1200 2920 so

153 2945 309 3030 valuisse,
344 2949 382 3011 ut
414 2946 650 3012 dubitationem
683 2948 839 3033 aliquam,
874 2951 912 3013 ut
942 2948 1158 3014 crudelissimi

153 3034 396 3117 taeterrimique
411 3035 561 3120 supplicii
580 3036 723 3120 aliquam
741 3059 877 3121 parvam
895 3058 1020 3102 moram
1039 3038 1157 3103 saltem

104 3133 152 3184 lae
170 3125 282 3205 posset
305 3121 438 3189 adferre.
478 3122 549 3188 Hoc
572 3128 680 3209 teneo,
706 3125 760 3190 hic
781 3125 913 3208 haereo,
939 3125 1074 3209 iudices,
1094 3126 1158 3191 hoe

154 3230 225 3273 sum
257 3214 427 3274 contentus
459 3233 536 3295 uno,
569 3213 686 3277 omitto
717 3235 754 3278 ac
780 3213 919 3298 neglego
947 3216 1066 3298 cetera3
1098 3235 1158 3279 sua

153 3295 354 3362 confessione
386 3298 539 3363 induatur
571 3321 608 3364 ac
638 3301 803 3385 iuguletur
830 3322 961 3366 neeesse
991 3305 1049 3366 est.
1095 3299 1157 3376 Qui
1172 3320 1198 3360 ³⁵

153 3386 252 3466 esset,
278 3384 469 3469 ignorabas,
495 3388 730 3470 speculatorem
753 3409 824 3452 esse
847 3389 1068 3474 suspicabare3
1090 3411 1157 3454 non

154 3488 282 3553 quaero,
305 3493 369 3554 qua
387 3472 579 3556 suspicione,
601 3476 710 3538 tuate
731 3496 846 3540 accuso
870 3477 1031 3541 oratione:
1054 3476 1156 3542 civem
