2590 3884
180 158 245 224 194
476 151 516 206 nv
536 147 890 207 c.vnennnncr.n

179 301 298 369 bonis?
326 298 461 383 Popilli,
489 296 579 362 cuius
607 299 750 360 aetatem
772 298 805 360 et
829 295 1055 380 solitudinem,
1084 296 1199 361 etiam·
1283 300 1284 386 l

181 390 209 455 si
249 392 376 453 tutores
417 407 484 451 non
524 388 645 470 essent,
687 383 857 449 defendere
899 387 1033 469 praetor
1071 384 1199 450 debuit.

180 476 357 542 Tutoribus
380 473 625 540 defendentibus
647 495 715 539 non
736 472 833 538 modo
855 472 981 559 patrias
1000 472 1070 538 eius
1092 471 1200 540 fortu-
1283 509 1284 562 ,

178 589 253 649 nas,
285 565 342 629 sed
373 563 473 628 etiam
501 562 589 627 bona
615 565 762 628 tutorum
788 560 948 626 ademisti
993 559 1073 627 Hoc
1106 578 1198 628 orus

180 671 303 720 eonon
329 669 395 718 suo
424 667 553 728 omoun
580 667 716 716 rncrro.
762 647 846 724 Quid
873 653 922 714 est
951 647 1020 714 ‘suo
1044 650 1227 736 cuique&

129 754 180 804 14⁷
199 741 297 825 Lapis
309 740 411 826 aliqui
420 739 598 805 caedendus
609 741 641 804 et
652 737 872 822 apportandus
883 736 947 802 fuit
958 737 1112 804 machina
1124 761 1199 823 sua3

180 853 258 896 nam
268 830 327 895 illo
338 851 405 894 non
417 850 539 912 saxum,
550 849 616 892 non
627 826 779 892 materies
792 827 887 908 [ulla]
899 826 1036 892 advecta
1048 830 1114 914 est3
1125 831 1200 892 tan·
1284 889 1285 902 ,

181 923 252 984 tum
264 918 372 1003 operis
383 917 418 982 in
429 917 494 982 ista
507 914 669 981 locatione
682 913 755 998 fuit,
769 918 927 1000 quantum
939 936 1062 1000 paucae
1077 937 1201 999 operae

180 1007 348 1074 fabrorum
371 1004 526 1070 mercedis
548 1004 694 1068 tulerunt
721 1007 755 1068 et
781 1025 880 1068 manu
907 1003 1006 1086 pretii
1035 1004 1200 1069 machina.

181 1095 301 1161 Utrum
325 1092 517 1160 existimetis
541 1091 648 1156 minus
672 1091 778 1177 operis
802 1110 872 1156 esse
890 1113 988 1156 unam
1006 1092 1199 1158 columnam
1217 1123 1245 1164 ro
1285 1116 1286 1166 l

182 1183 308 1250 efficere
336 1183 377 1247 ab
406 1182 535 1267 integro
562 1202 681 1246 novam
710 1180 802 1244 nullo
833 1179 942 1262 lapido
974 1179 1120 1246 redivivo
1153 1203 1201 1246 an

182 1276 337 1357 quattuor
363 1270 439 1334 illas
467 1268 644 1352 reponere?
689 1266 794 1333 Nemo
818 1267 959 1351 dubitat,
987 1267 1066 1352 quin
1089 1270 1199 1334 multo

180 1361 285 1424 maius
305 1358 349 1423 sit
366 1379 485 1422 novam
502 1357 618 1423 facere.
654 1355 832 1421 Ostendam
849 1356 884 1420 in
902 1356 1036 1421 aedibus
1054 1357 1199 1442 privatis

180 1448 281 1532 longa
308 1445 495 1529 difficilique
522 1449 655 1510 vectura
681 1445 848 1510 columnas
881 1444 1027 1531 singulas
1061 1446 1103 1510 ad
1135 1446 1199 1510 im-

180 1536 325 1618 pluvium
347 1532 404 1599 Hs
428 1551 528 1600 ccloo
553 1550 651 1599 ccmo
674 1555 741 1598 non
763 1533 869 1597 minus
897 1554 1034 1620 magnas
1058 1533 1198 1600 locatas.
1216 1564 1244 1604 rs
1286 1524 1287 1606 l

129 1635 180 1684 148
199 1621 262 1688 Sed
288 1623 434 1707 ineptum
461 1625 511 1687 est
539 1623 577 1686 de
605 1626 674 1686 tarn
706 1621 877 1706 perspicua
900 1622 968 1686 eius
991 1621 1199 1707 impudentia

180 1712 328 1796 pluribus
351 1711 459 1776 verbis
482 1710 660 1794 disputare,
682 1709 876 1794 praesertim
899 1731 972 1775 cum
993 1710 1058 1774 iste
1081 1715 1198 1796 aperte

180 1804 253 1866 tota
290 1801 363 1885 lege
398 1799 541 1864 omnium
574 1819 756 1864 sermonem
788 1802 885 1882 atque
918 1798 1198 1864 existimationem

181 1887 425 1973 contempserit,
462 1886 518 1972 qui
554 1886 653 1951 etiam
687 1885 728 1950 ad
758 1889 937 1952 extremum
969 1886 1197 1971 adscripserit:

180 1977 359 2042 Rnorvvvn
387 1993 454 2042 snrr
480 1992 632 2059 nennio,
646 2027 649 2033 .
665 1973 758 2058 quasi
788 1975 961 2059 quiequam
987 1974 1124 2041 redivivi
1156 1997 1198 2042 ex
1213 2006 1241 2046 so

181 2086 277 2149 opere
303 2065 363 2128 illo
391 2064 563 2128 tolleretur
590 2085 628 2128 ac
653 2085 721 2129 non
742 2066 850 2128 totum
873 2085 954 2148 opus
978 2084 1016 2128 ex
1039 2064 1196 2130 redivivis

181 2152 441 2218 constitueretur.
485 2151 533 2215 At
560 2151 659 2234 enim,
687 2150 715 2215 si
741 2151 867 2237 pupillo
890 2151 1006 2216 redimi
1027 2173 1095 2218 non
1118 2153 1196 2219 lice-

180 2241 248 2322 bat,
266 2262 332 2304 non
348 2261 479 2305 necesse
498 2243 569 2304 erat
586 2261 656 2304 rem
675 2235 841 2324 adipsum
859 2240 1040 2325 pervenire3
1061 2246 1197 2326 poterat

180 2328 299 2412 aliquis
327 2327 428 2393 adid
454 2328 623 2413 negotium
651 2327 690 2391 de
717 2328 838 2412 populo
869 2328 1026 2394 accedere.
1072 2328 1196 2396 Omnes

181 2415 301 2480 exclusi
325 2419 402 2480 sunt
423 2438 490 2481 non
511 2416 618 2480 minus
641 2418 753 2499 aperte
777 2437 875 2499 quam
896 2416 1051 2500 pupillus.
1095 2417 1196 2484 Diem
1211 2446 1240 2488 ss

180 2504 368 2587 praestituit
391 2504 481 2588 operi
506 2502 656 2568 faciundo
679 2501 845 2568 Kalendas
866 2503 1077 2589 Decembres,
1105 2506 1197 2572 locat

181 2592 309 2657 circiter
322 2592 398 2657 Idus
413 2591 633 2676 Septembres3
655 2591 816 2678 angustiis
839 2593 995 2676 temporis
1020 2593 1197 2660 excludun-

127 2667 169 2732 57
198 2684 252 2745 tur
280 2702 400 2745 omnes.
447 2679 530 2755 Quid
560 2679 660 2766 ergo?
701 2678 870 2745 Habonius
896 2681 995 2745 istam
1018 2681 1104 2746 diem
1128 2705 1195 2767 quo

129 2746 143 2793 ¹
164 2745 180 2794 9
199 2769 294 2834 modo
310 2767 515 2852 assequitur?
547 2766 652 2832 Nemo
670 2766 823 2833 Habonio
842 2769 999 2834 molestus
1019 2773 1070 2835 est
1087 2791 1195 2855 neque

179 2856 336 2921 Kalendis
372 2856 605 2921 Decembribus
645 2877 749 2940 neque
784 2855 889 2922 Nonis
924 2879 1029 2942 neque
1064 2857 1194 2945 Idibus;
1209 2888 1239 2928 ao

181 2945 316 3030 denique
344 2944 513 3028 aliquanto
541 2947 617 3009 ante
643 2944 678 3009 in
707 2944 908 3030 provinciam
930 2945 994 3011 isto
1016 2947 1196 3030 proficisci-

180 3038 247 3116 tur,
276 3055 373 3118 quam
400 3055 481 3116 opus
510 3033 659 3098 effectum
687 3036 745 3098 est.
789 3031 1008 3118 Posteaquam
1029 3056 1104 3100 reus
1129 3036 1196 3102 fac-

180 3125 234 3185 tus
263 3125 327 3206 est,
354 3121 460 3206 primo
486 3121 631 3207 negabat
659 3142 693 3185 se
720 3142 801 3205 opus
823 3121 859 3185 in
881 3126 1050 3208 acceptum
1072 3123 1196 3190 referre

180 3230 290 3294 posse3
314 3231 388 3273 cum
410 3209 550 3274 instaret
571 3208 751 3294 Habonius,
773 3209 807 3274 in
830 3232 881 3275 me
902 3232 1033 3277 causam
1051 3211 1196 3278 confere-

181 3297 253 3379 bat,
289 3296 375 3380 quod
406 3319 480 3361 eum
511 3296 653 3362 codicem
685 3297 920 3383 obsignassem.
967 3298 1057 3364 Petit
1089 3321 1110 3366 a
1141 3323 1194 3367 me
1208 3327 1237 3369 ss

181 3383 351 3447 Habonius
386 3388 419 3448 et
451 3385 572 3450 amicos
605 3385 742 3470 alleget,
773 3385 869 3451 facile
900 3387 1066 3472 impetrat.
1115 3387 1196 3472 Iste,

182 3469 260 3551 quid
283 3474 404 3555 ageret,
425 3473 604 3558 nesciebat3
628 3472 656 3537 si
678 3473 714 3538 in
732 3479 901 3560 acceptum
918 3497 985 3541 non
1002 3477 1198 3564 rettulisset,
