2622 3884
178 190 244 254 316
473 185 513 240 IN
533 185 562 241 0.
583 185 735 242 VERREM
752 184 832 240 AGT.
850 186 885 241 11.

179 333 337 415 duximus,
356 332 511 398 accedant
525 353 563 396 eo
576 353 662 398 novo
676 330 880 416 pessimoque
899 331 1047 416 exemplo
1060 327 1118 394 HS
1132 333 1190 396 ic.

127 420 177 469 117
197 421 258 486 Hic
272 420 354 485 mihi
368 420 466 485 etiam
482 420 587 486 dicere
601 419 734 485 audebit
752 440 871 504 magno
892 441 926 484 se
945 419 1094 486 decumas
1113 440 1190 484 ven·

179 510 311 594 didisse,
334 531 407 574 cum
430 531 469 573 ex
492 508 604 574 eodem
628 529 708 594 agro
732 508 865 572 dimidio
887 507 958 592 ipse
979 509 1053 593 plus
1078 509 1190 573 abstu-

178 598 263 682 lerit,
282 619 380 682 quam
397 597 520 682 populo
534 596 683 662 Romano
701 596 850 662 miserit?
872 599 980 661 ὀῑῖῆ
998 597 1070 682 agri
1083 595 1190 662 Leon-

178 687 240 751 tini
259 686 408 751 decumas
430 685 617 771 vendidisti,
640 685 669 750 si
691 707 730 750 cx
753 685 834 770 lege,
857 703 993 769 magn03
1016 684 1053 768 si,
1075 688 1114 749 ut
1136 685 1218 748 lexa

179 778 265 839 esset
282 774 383 839 libido
402 777 468 858 tua,
492 774 529 859 si,
550 776 597 858 ut,
621 795 703 858 quae
722 773 873 838 dimidiae
894 776 1011 856 essent,
1035 773 1190 838 decumae

177 866 380 946 vocarentur,
397 884 499 946 parvo
513 861 700 945 vendidisti,
719 862 823 926 multo
838 860 924 926 enim
938 861 1043 946 pluris
1061 861 1189 926 fructus

178 952 277 1017 annui
300 949 430 1017 Siciliae
456 951 566 1016 venire
593 954 783 1034 potuerunt,
810 949 839 1014 si
861 949 896 1013 id
917 953 950 1014 te
974 952 1106 1014 senatus
1130 953 1190 1014 aut

177 1040 317 1125 populus
340 1039 506 1104 Romanus
528 1039 635 1104 facere
656 1038 823 1105 voluisset.
859 1036 991 1104 Etenim
1014 1059 1112 1121 saepe
1137 1037 1189 1102 de-

178 1151 290 1194 cumae
316 1127 402 1193 tanti
428 1127 612 1210 venierunt,
640 1149 713 1192 cum
735 1127 808 1212 lege
830 1123 1007 1192 Hieronica
1027 1125 1188 1210 venirent,
1204 1147 1231 1188 ro

178 1216 293 1300 quanti
325 1237 410 1280 nuno
442 1215 515 1301 lege
542 1213 659 1280 Verria
690 1215 869 1281 venierunt.
919 1213 1005 1280 (ledo
1037 1214 1121 1278 mihi
1153 1212 1189 1279 Ο.

177 1304 326 1370 Norbam
362 1302 511 1368 decumas
546 1303 704 1368 venditas.
758 1301 793 1368 Ο.
820 1301 985 1368 NORBANI
1017 1319 1205 1368 Ducum.

177 1409 358 1458 vnnmran
376 1407 462 1456 Asel
481 1390 663 1458 Lnormrn.
699 1389 802 1476 Atqui
820 1394 891 1456 tum
908 1412 1013 1474 neque
1031 1390 1188 1455 iudicium

177 1480 216 1544 de
247 1479 344 1546 modo
374 1479 523 1565 iugerum
550 1480 703 1563 dabatur,
733 1500 837 1563 neque
865 1483 936 1544 erat
958 1477 1188 1544 Artemidorus

177 1566 346 1634 Cornelius
374 1570 596 1652 recuperator,
622 1589 726 1652 nequa
753 1569 795 1633 ab
818 1571 948 1632 aratore
970 1567 1187 1653 magistratus
1202 1587 1228 1628 15

177 1654 304 1722 Siculus
318 1659 447 1720 tantum
462 1656 623 1742 exigebat,
641 1660 799 1740 quantum
818 1656 1012 1721 decumanus
1032 1656 1188 1739 ediderat,

176 1767 235 1810 nec
262 1744 452 1810 beneficium
477 1746 651 1829 petebatur
674 1745 715 1810 ab
739 1745 930 1828 decumano,
956 1747 994 1808 ut
1014 1743 1051 1808 in
1071 1743 1188 1830 iugera

177 1833 308 1919 singula
337 1833 441 1898 tornis
473 1833 644 1900 medimnis
677 1833 821 1898 decidere
848 1832 973 1916 liceret,
1004 1853 1064 1898 nec
1093 1854 1187 1898 num-

176 1944 304 1987 morum
323 1921 539 1987 accessionem
558 1921 736 2007 cogebatur
759 1925 870 1988 arator
893 1921 969 1986 dare
990 1941 1051 1986 nec
1073 1923 1186 1986 ternas

177 2010 463 2096 quinquagesimas
498 2009 654 2075 frumenti
690 2010 819 2094 addere,
856 2013 889 2074 et
919 2012 1031 2073 tamen
1061 2009 1186 2094 populo
1200 2029 1229 2070 ao

123 2147 166 2212 50
176 2098 324 2163 Romano
347 2120 485 2183 magnus
508 2097 664 2163 frumenti
685 2119 839 2164 numerus
862 2096 1064 2162 mittebatur.

124 2223 175 2274 118
243 2185 326 2260 Quid
352 2209 430 2252 vero
457 2187 540 2252 istae
568 2186 631 2251 sibi
658 2186 959 2272 quinquagesimae,
987 2185 1064 2269 quid
1085 2207 1186 2269 porro

175 2295 382 2338 nummorum
396 2275 595 2340 accessiones
609 2273 746 2341 volunt?
769 2297 833 2358 quo
847 2274 881 2338 id
898 2273 967 2339 iure
986 2276 1084 2357 atque
1104 2274 1185 2357 adeq

175 2383 239 2445 quo
266 2361 300 2425 id
326 2361 435 2445 potius
464 2384 553 2427 more
579 2362 708 2428 fecisti?
748 2362 908 2428 Nummos
936 2362 1036 2427 dabat
1063 2365 1185 2427 arator.

175 2448 245 2523 Quo
268 2449 365 2514 modo
388 2453 445 2515 aut
468 2451 573 2516 unde?
607 2451 675 2535 qni,
700 2451 730 2516 si
750 2451 956 2537 largissimus
980 2471 1050 2516 esse
1073 2451 1185 2535 vellet,
1199 2469 1226 2512 aa

175 2537 388 2604 cumulatiore
415 2559 567 2604 mensura
593 2542 752 2624 uteretur,
779 2543 818 2604 ut
844 2542 941 2604 antea
964 2539 1117 2604 solebant
1138 2539 1185 2604 fa-

174 2647 246 2690 cere
268 2625 304 2690 in
326 2625 483 2710 decumis,
510 2649 583 2692 cum
607 2649 710 2712 aequa
732 2629 805 2712 lege
828 2631 862 2692 et
885 2627 1070 2693 condicione
1094 2628 1185 2693 veni-

174 2713 269 2798 bant,
295 2713 325 2778 is
346 2736 515 2780 nummum
539 2714 660 2780 dabat?
688 2716 793 2781 unde?
817 2715 856 2780 de
877 2715 1065 2781 frumento?
1089 2716 1186 2800 quasi

174 2802 343 2868 habuisset
360 2805 395 2868 te
416 2806 576 2887 praetore,
598 2804 685 2887 quod
707 2804 869 2870 venderet.
910 2804 960 2869 De
982 2803 1056 2870 vivo
1079 2804 1186 2889 igitur

174 2891 298 2974 aliquid
324 2894 396 2956 erat
422 2892 644 2976 resecandum,
675 2896 713 2957 ut
736 2896 835 2977 esset,
861 2892 946 2958 unde
970 2890 1119 2977 Apronio
1143 2893 1186 2958 ad
1200 2913 1228 2954 ao

173 2979 250 3044 illos
281 2979 406 3045 fructus
436 2980 623 3046 arationum
649 2980 711 3046 hoo
739 2981 947 3047 corollarium
973 3002 1186 3046 nummorum

174 3066 354 3134 adderetur.
390 3068 461 3132 Iam
479 3068 513 3133 id
530 3090 628 3153 porro
651 3071 761 3134 utrum
784 3069 923 3134 libentes
947 3090 989 3134 an
1010 3068 1107 3134 inviti
1131 3069 1186 3134 da-

173 3154 275 3220 bant?
315 3154 492 3221 Libentes?
516 3157 680 3241 amabant,
702 3157 805 3241 credo,
828 3157 1019 3241 Apronium.
1059 3156 1186 3224 Inviti?

173 3264 238 3326 qua
264 3264 300 3308 re
325 3243 394 3308 nisi·
416 3245 450 3309 vi
475 3248 508 3310 et
530 3246 619 3310 malo
642 3246 865 3331 cogebantur?
905 3245 975 3311 Iam
997 3245 1060 3310 iste
1082 3245 1185 3312 homo

87 3356 92 3362 '¹
173 3330 414 3396 amentissimus
425 3332 461 3396 in
473 3333 651 3398 vendundis
666 3333 806 3400 decumis
820 3355 1027 3400 nummorum
1039 3333 1186 3400 faciebat
1200 3353 1226 3393 ³⁵

173 3417 372 3482 accessiones
392 3419 433 3482 ad
451 3420 597 3506 singulas
617 3421 777 3507 decumas,
799 3443 903 3506 neque
926 3423 1080 3508 multum,
1103 3423 1187 3490 bina

173 3505 231 3565 aut
246 3506 340 3568 terna
359 3506 451 3570 milia
468 3528 637 3574 nummum
656 3510 809 3596 addebat;
826 3511 910 3576 fiunt
927 3532 986 3596 per
1004 3510 1186 3577 triennium
