2524 3876
168 177 209 240 12
429 173 501 228 PRO
520 173 550 228 P.
565 171 740 238 enmono
759 170 906 226 ORATIO.

165 323 298 403 tamque
332 318 455 402 eripere
487 317 644 383 conatur?
692 315 778 382 Huic
809 319 881 381 tum
912 316 1071 382 molestus
1105 338 1186 382 esse
1256 335 1257 400 ζ

165 408 316 472 videlicet
350 405 501 489 noluisti,
537 427 633 490 quem
663 427 749 470 nune
782 405 942 489 respirare
973 404 1077 470 libore
1110 427 1188 470 non

166 496 260 578 sinis,
287 516 383 579 quom
409 516 494 560 nuno
520 494 699 559 interficere
725 492 849 558 nefarie
874 492 980 577 cupis,
1006 515 1080 558 eum
1103 497 1187 558 tum

165 584 323 668 pudenter
342 583 507 667 appellare
524 583 668 647 nolebas.
708 581 761 645 Ito
781 580 891 664 eredo;
913 580 1077 646 hominem
1101 603 1187 666 pro

165 672 337 756 pinquum,
364 671 414 736 tui
436 671 675 754 observantem,
703 670 808 734 virum
829 669 965 752 bonum,
989 670 1213 754 pudentem,⁵

167 760 323 824 maiorem
356 762 437 824 natu
472 759 607 824 nolebas
642 761 699 823 aut
727 779 795 822 non
823 756 965 822 audebas
995 756 1188 842 appellare3
1256 825 1257 830 ,

166 869 272 932 saepe,
294 851 332 913 ut
349 847 396 931 fit,
419 847 579 930 cumipse
597 850 632 911 te
650 846 884 928 confirmasses,
907 867 980 913 cum
1001 845 1185 911 statuisses

167 937 364 1002 mentionem
376 935 415 1000 de
427 935 563 1021 pecunia
573 933 688 1017 facere,
702 956 775 1000 eum
786 937 920 1017 paratus
935 932 1186 1018 meditatusque

166 1026 324 1108 venisses,
359 1024 458 1089 homo
489 1023 623 1087 timidus
655 1021 808 1107 virginali
838 1021 1029 1087 verecundia
1065 1023 1184 1087 subito

166 1113 236 1198 ipse
264 1117 298 1178 te
324 1112 503 1195 retinebas,
531 1110 699 1176 excidebat
724 1113 857 1195 repente
881 1109 1000 1193 oratio;
1027 1131 1100 1174 cum
1127 1133 1184 1176 eu·
1201 1132 1223 1169 1⁰
1256 1175 1257 1180 ,

167 1222 260 1285 peres
283 1201 463 1285 appellare,
488 1220 555 1264 non
578 1199 732 1282 audebas,
754 1219 795 1263 ne
817 1197 939 1263 invitus
962 1197 1095 1263 audiret.
1142 1197 1184 1263 Id
1256 1199 1257 1279 ξ

116 1265 158 1390 {02
167 1292 238 1353 erat
256 1288 412 1372 profecto.
438 1286 614 1354 Credamus
628 1287 699 1371 hoc,
713 1283 783 1351 Sex.
793 1284 963 1369 Naevium,
977 1285 1066 1350 cuius
1077 1293 1183 1372 caput
1256 1291 1257 1340 l

172 1379 348 1461 oppugnet,
371 1375 439 1440 eius
458 1376 590 1440 auribus
607 1374 798 1460 pepercisse.
826 1371 859 1438 Si
882 1373 1055 1458 debuisset,
1069 1371 1183 1460 Sexte,

171 1464 318 1548 petisses,
332 1466 366 1528 et
378 1462 516 1549 petisses
531 1464 659 1547 statim3
673 1463 781 1528 sinon
794 1462 917 1545 statim,
931 1462 1029 1547 paulo
1045 1462 1182 1546 quidem

167 1555 258 1704 tlt
275 1550 1181 1724 {ittetfftlrt.t¹ttttll3⁶tttltt.tl⁸ml
1196 1571 1220 1612 ¹⁵

168 1731 202 1792 et
229 1749 285 1794 sex
311 1688 477 1793 mensibus
504 1749 594 1811 vero,
621 1749 695 1794 cum
720 1727 783 1791 tibi
810 1727 927 1792 cotidie
949 1730 1096 1811 potestas
1120 1728 1179 1792 ho

168 1816 264 1880 minis
282 1815 399 1881 fuisset
417 1815 619 1900 admonendi,
637 1817 772 1882 verbum
786 1815 914 1880 nullum
933 1816 1026 1900 facis;
1044 1815 1177 1881 biennio

167 1904 233 1969 iam
253 1904 398 1970 confecto
413 1905 480 1970 fere
499 1905 654 1988 appellas.
691 1903 770 1979 Quis
788 1907 858 1968 tam
877 1903 1024 1988 perditus
1043 1925 1081 1969 ac
1102 1927 1178 1988 pro

167 1991 259 2058 falsus
281 2014 383 2076 nepos
404 2014 472 2057 non
494 1992 592 2057 adesa
612 1992 692 2077 iam,
720 1991 776 2057 sed
799 1991 977 2057 abundanti
1000 1993 1099 2057 etiam
1123 2015 1175 2078 pe
1192 2014 1217 2052 a
1256 2043 1257 2074 ,

169 2081 264 2145 cunia
282 2080 328 2146 sic
346 2080 523 2146 dissolutus
541 2080 667 2164 fuisset,
684 2084 721 2144 ut
738 2079 803 2144 fuit
820 2078 891 2145 Sea
900 2080 1065 2146 Naevius?
1093 2079 1178 2146 Cum
1256 2081 1257 2164 ᾗ

116 2168 334 2233 41hominem
363 2168 510 2253 nomino,
542 2169 622 2232 satis
650 2169 731 2232 mihi
757 2168 869 2234 videor
896 2168 1008 2233 dicere.
1053 2168 1178 2234 Debuit
1256 2171 1257 2248 f

168 2256 231 2320 tibi
254 2255 287 2321 O.
307 2254 488 2340 Quinctius,
504 2277 693 2341 numquam
714 2256 842 2342 petisti3
865 2259 1013 2321 mortuus
1037 2260 1087 2321 est
1109 2257 1178 2343 ille,

168 2365 220 2408 res
244 2345 285 2409 ad
307 2343 458 2410 heredem
480 2344 583 2428 venit3
606 2366 679 2410 cum
702 2366 775 2409 eum
798 2344 917 2409 cotidie
940 2344 1077 2429 viderer,
1100 2351 1178 2432 post
1256 2385 1257 2388 =

168 2431 334 2497 biennium
348 2433 484 2516 denique
499 2433 654 2517 appellas.
681 2432 903 2517 Dubitabitur,
921 2435 1032 2497 utrum
1046 2433 1091 2498 sit
1103 2457 1179 2518 pre
1191 2452 1216 2493 as

168 2520 320 2604 habilius,
343 2518 413 2585 Sex.
427 2519 588 2586 Naevium
607 2521 729 2604 statim,
747 2521 776 2585 si
794 2520 871 2605 quid
892 2520 1071 2605 deberetur,
1094 2525 1175 2607 peti·
1256 2561 1257 2600 3

168 2612 279 2674 turum
309 2607 410 2674 fixisse
443 2629 485 2672 an
515 2631 556 2673 ne
589 2609 829 2694 appellaturum
861 2608 990 2693 quidem
1022 2610 1179 2677 biennio?
1256 2603 1257 2644 ³

169 2695 366 2782 Appellandi
391 2699 519 2782 tompus
541 2717 608 2762 non
630 2698 723 2762 erat?
758 2697 806 2761 At
827 2700 935 2762 tecum
957 2698 1031 2782 plus
1056 2721 1179 2764 annum

169 2785 258 2850 vixit.
298 2784 337 2848 In
361 2783 470 2849 Gallia
492 2785 547 2870 agi
569 2806 635 2849 non
657 2785 787 2870 potuit?
828 2785 874 2849 At
896 2785 986 2850 etin
1008 2787 1179 2870 provincia

168 2873 219 2939 ius
246 2873 426 2956 dicebatur,
454 2876 487 2938 et
513 2872 636 2937 Romae
663 2873 781 2937 iudicia
806 2872 938 2938 fiebant.
982 2872 1113 2958 Restat,
1140 2879 1216 2940 uteo

169 2965 226 3027 eet
249 2983 376 3026 semme
397 2961 606 3046 neglegentia
628 2961 690 3025 ubi
713 2961 879 3026 olentem
902 2965 959 3026 aue
981 2962 1077 3027 enee
1100 2964 1179 3029 nee

168 3050 292 3115 ralitas.
338 3046 374 3113 Si
400 3049 642 3134 neglegentiam
670 3049 769 3133 dicos,
798 3049 1003 3133 mirabimur,
1031 3051 1061 3115 si
1088 3051 1179 3117 boni-

169 3142 284 3221 tatem,
307 3136 497 3221 ridebimus3
519 3159 623 3222 noque
643 3141 813 3222 praeterea
835 3137 911 3222 quid
933 3137 1040 3222 possis
1064 3139 1180 3225 dicere,

168 3225 306 3290 invenio.
335 3225 422 3290 Satis
437 3229 488 3290 est
502 3226 687 3311 argumenti
702 3226 785 3291 nihil
800 3246 870 3290 esse
885 3225 1030 3292 debitum
1043 3225 1076 3291 N
1077 3228 1180 3312 aerio,

170 3314 255 3397 quod
278 3317 347 3378 tam
370 3313 425 3377 diu
446 3313 530 3378 nihil
552 3313 678 3398 petivit.
1192 3331 1215 3374 ss

258 3399 355 3484 Quid,
387 3400 415 3464 si
443 3400 506 3466 hoc
535 3401 656 3486 ipsum,
688 3403 774 3486 quod
804 3423 889 3468 nunc
918 3402 1011 3487 facit,
1043 3405 1179 3470 ostendo

170 3487 358 3552 testimonio
386 3508 456 3551 esse
483 3487 566 3552 nihil
595 3488 725 3555 deberi?
773 3488 856 3565 Quid
884 3490 971 3554 enim
996 3513 1083 3556 nunc
1110 3494 1180 3578 agit
1256 3507 1257 3548 ἒ

117 3369 159 3494 te
