2622 3884
185 173 256 238 404
489 165 530 219 nr
549 164 578 221 o.
593 163 748 219 manum
765 163 847 220 nor.
865 164 899 218 11.

185 316 225 381 in
242 312 391 401 precibus
410 313 444 376 et
468 308 742 398 gratulationibus
765 329 832 375 non
855 309 962 375 solum
985 308 1019 374 id
1041 308 1203 392 venerari,

189 399 426 470 verumetiam
449 398 590 465 osculari
613 398 727 463 solent.
767 397 821 463 Ad
843 396 906 464 hoc
928 397 1101 483 templum,
1124 419 1203 463 cum

191 493 278 556 esset
303 489 367 555 iste
390 487 578 574 Agrigenti,
606 486 685 552 duce
709 484 915 551 bimarohide
942 488 1075 570 repente
1102 488 1203 551 nocte

189 580 386 662 intempesta
413 596 580 642 servorum
608 576 810 640 armatorum
837 574 877 639 fit
903 595 1076 640 concursus
1100 577 1204 660 atque

189 667 340 752 impetus.
377 663 508 731 Clamor
528 686 547 729 a
564 663 721 748 vigilibus
743 662 876 748 fanique
899 661 1088 728 custodibus
1111 661 1232 727 tolli-s

190 759 257 839 tur3
282 753 337 840 qui
354 753 460 840 primo
479 774 552 819 cum
571 751 729 816 obsistere
748 772 786 817 ac
804 750 973 817 defendere
995 754 1204 834 conarentur,

191 844 277 910 mala
304 841 440 908 mulcati
466 840 568 908 clavis
597 862 633 906 ac
656 838 798 905 fustibus
820 839 1032 925 repelluntur.
1078 839 1203 904 Postea

188 931 353 998 convolsis
366 928 532 1016 repagulis
548 927 760 1012 ecfractisque
773 927 880 994 valvis
900 926 1049 993 demoliri
1068 927 1203 1014 signum

189 1041 229 1087 ac
247 1018 394 1085 vectibus
416 1016 614 1083 labefactare
638 1018 804 1082 conantur.
841 1013 972 1082 Interea
994 1036 1033 1080 cx
1056 1015 1203 1082 clamore

190 1107 280 1174 fama
311 1109 383 1173 tota
413 1106 494 1171 urba
525 1103 728 1190 percrebruit
759 1104 939 1191 expugnari
968 1103 1044 1170 dece
1072 1104 1202 1189 patrios
1218 1125 1243 1163 ro

190 1218 257 1262 non
297 1195 442 1260 hostium
483 1192 624 1258 adventu
660 1193 854 1275 necopinato
890 1213 993 1277 neque
1029 1192 1202 1276 repentino

191 1283 391 1370 praedonum
422 1282 560 1366 impetu,
592 1279 649 1345 sed
680 1301 719 1345 ex
749 1281 845 1346 domo
873 1284 970 1365 atque
999 1302 1038 1346 ex
1064 1279 1202 1347 cohorte

192 1371 356 1456 praetoria
374 1391 505 1434 manum
522 1367 738 1454 fugitivorum
756 1369 950 1434 instructam
974 1372 1201 1453 armatamque

138 1475 172 1529 95
191 1459 327 1524 venisse.
375 1455 481 1522 Nemo
505 1455 680 1543 Agrigenti
708 1478 812 1541 neque
840 1461 948 1522 aetate
974 1461 1045 1523 tam
1072 1456 1202 1523 adfecta

191 1568 295 1631 neque
313 1544 437 1611 viribus
455 1549 525 1610 tam
543 1545 681 1609 infirmis
693 1544 771 1630 iuit,
795 1544 850 1630 qui
871 1567 939 1610 non
959 1545 1019 1610 illa
1041 1549 1136 1612 nocte
1161 1567 1200 1611 eo
1216 1565 1241 1606 rs

191 1635 307 1700 nuntio
327 1633 485 1699 excitatus
505 1633 682 1698 surrexerit
700 1633 875 1718 telumque,
894 1633 981 1718 quod
999 1633 1112 1718 cuique
1129 1632 1199 1700 fors

192 1723 360 1807 offerebat,
382 1721 564 1807 arripuerit.
603 1720 719 1806 Itaque
741 1721 833 1786 brevi
854 1725 1001 1808 tempore
1024 1721 1066 1788 ad
1086 1721 1201 1788 fanum
1293 1785 1294 1810 ,

192 1833 232 1877 ex
249 1812 330 1878 urbe
346 1814 420 1876 tcta
442 1809 653 1876 concurritur.
689 1807 815 1875 Horam
839 1809 979 1895 amplius
1002 1811 1068 1876 iam
1090 1810 1125 1875 in
1147 1810 1200 1876 de

191 1899 355 1966 moliendo
384 1899 478 1984 signo
505 1897 660 1984 permulti
685 1895 834 1964 homines
859 1898 1091 1983 moliebantur3
1116 1898 1201 1966 illud

191 1988 318 2054 interea
352 1986 444 2052 nulla
480 1986 615 2052 lababat
646 2007 685 2050 ax
716 1989 823 2081 parte,
857 2009 930 2052 cum
962 1986 1020 2052 alii
1051 1986 1199 2053 vectibus
1214 2009 1238 2047 rc

193 2075 348 2142 subiectis
367 2078 561 2141 conarentur
581 2096 791 2158 commorere,
815 2074 873 2140 alii
896 2075 1074 2161 deligatum
1098 2077 1200 2141 omni·
1292 2119 1293 2179 ,

191 2165 254 2230 bus
280 2163 435 2229 membris
457 2184 571 2247 rapere
594 2163 636 2228 ad
659 2184 692 2229 se
714 2162 860 2228 funibus:
888 2185 926 2229 ac
948 2167 1080 2248 repente
1103 2164 1200 2251 Agri·

194 2251 319 2338 gentini
340 2254 547 2334 concurrunt3
569 2251 609 2316 fit
631 2272 752 2338 magna
773 2251 945 2336 lapidati03
969 2251 1048 2317 dant
1071 2272 1142 2318 sese
1165 2253 1199 2318 in

192 2339 305 2426 fugam
337 2338 432 2403 istius
464 2339 624 2424 praeclari
655 2339 863 2425 imperatoris
889 2339 1041 2406 nocturni
1067 2340 1200 2408 milites.
1291 2353 1292 2441 p

190 2426 265 2492 Duo
302 2430 413 2491 tamen
449 2427 560 2514 sigilla
596 2428 789 2514 perparvula
821 2428 958 2512 tollunt,
993 2450 1034 2494 ne
1066 2429 1198 2496 omnino
1213 2447 1238 2489 ²⁵

191 2515 305 2581 inanes
337 2515 378 2580 ad
409 2515 509 2581 istum
540 2516 736 2601 praedonem
763 2515 958 2602 religionum
984 2521 1200 2585 revertantur.

191 2601 381 2688 Numquam
406 2606 477 2669 tam
504 2604 589 2670 male
616 2608 667 2669 est
689 2601 818 2689 Siculis,
845 2605 923 2689 quin
949 2605 1072 2690 aliquid
1094 2606 1200 2673 facete

192 2695 226 2757 et
244 2691 411 2758 commode
430 2691 548 2776 dicant,
569 2692 661 2757 velut
679 2692 713 2757 in
731 2692 793 2758 hac
810 2714 845 2758 re
864 2693 995 2759 aiebant
1011 2694 1047 2758 in
1069 2695 1198 2762 labores

191 2779 342 2846 Herculis
356 2801 424 2846 non
436 2780 543 2846 minus
561 2779 647 2845 huno
663 2779 936 2847 immanissimum
954 2803 1081 2848 verrem
1100 2805 1199 2868 quam

192 2868 287 2933 illum
310 2889 425 2954 aprum
448 2867 699 2952 Erymanthium
721 2868 837 2934 referri
859 2873 1018 2954 oportere.
1212 2891 1236 2930 so

138 2925 184 3056 ἐξ
258 2955 352 3022 Hanc
374 2957 530 3038 virtutem
543 2954 836 3043 Agrigentinorum
858 2957 981 3024 imitati
1003 2962 1080 3025 sunt
1097 2958 1199 3028 Asso·

192 3044 256 3110 rini
278 3048 406 3130 postea,
434 3045 496 3111 viri
518 3042 620 3110 fortes
644 3049 677 3110 et
699 3045 824 3130 fideles,
852 3046 909 3113 sed
930 3069 1137 3134 nequaquam
1160 3071 1198 3115 ex

192 3136 262 3198 tam
281 3132 390 3218 ampla
407 3153 511 3218 neque
530 3136 599 3199 tam
622 3156 661 3199 ex
683 3133 787 3200 nobili
810 3134 951 3202 civitate.
982 3134 1126 3222 Chrysas
1148 3141 1199 3204 est
1288 3209 1289 3214 γ

193 3220 307 3306 amnis,
330 3220 386 3305 qui
403 3243 462 3307 per
477 3220 709 3288 Assorinorum
727 3244 825 3310 agros
844 3223 925 3290 fluit.
961 3225 994 3290 Is
1014 3225 1101 3311 apud
1122 3225 1197 3292 illos
1288 3217 1289 3227 ¹

192 3307 332 3373 babetur
364 3308 442 3374 deus
475 3313 507 3375 et
538 3309 696 3397 religione
728 3311 871 3378 maxima
898 3311 1024 3379 colitur.
1073 3312 1233 3380 Fanumu

193 3394 261 3459 eius
294 3399 345 3461 est
375 3397 410 3460 in
442 3419 522 3484 agro
553 3402 689 3484 propter
715 3399 822 3485 ipsam
848 3399 951 3486 riam,
982 3422 1048 3486 qua
1074 3402 1197 3469 Assoro

192 3480 259 3546 itur
285 3481 443 3548 Hennam.
488 3483 529 3549 In
556 3507 593 3552 ao
622 3485 766 3571 Chrysae
795 3487 1004 3556 simulacrum
1032 3493 1083 3556 est
1109 3512 1198 3577 prae
