2504 3876
196 218 197 221 ,
303 171 371 226 nra.
387 171 414 225 V
442 169 518 224 onP.
537 175 643 226 ee-es
662 175 677 236 s
695 175 828 227 ac-1o1,
1011 170 1078 236 465

50 337 126 400 quo
149 314 348 397 simulatque
367 313 496 398 adisset,
518 333 585 378 non
603 314 699 380 modo
720 336 739 378 a
762 314 874 398 latere,
898 313 955 380 sed
978 315 1077 380 etiam

52 427 76 468 a
101 407 204 488 tergo
227 423 382 488 magnam
405 405 533 486 partem
555 402 646 466 urbis
669 402 889 486 relinqueret?
929 401 1077 498 Insulam

52 495 172 557 totam
196 493 438 575 praetervectus
462 494 521 574 est,
544 511 627 574 quae
650 494 701 554 est
723 491 801 556 urbs
825 488 994 576 Syracusis
1018 514 1077 558 suo

52 579 197 645 nomine
224 601 263 643 ac
289 579 471 662 moenibus,
502 599 565 662 quo
592 578 628 643 in
655 578 727 644 loeo
755 579 909 664 maiores,
935 584 973 645 ut
1001 584 1077 646 ante

20 689 37 730 c
56 668 140 751 dixi,
160 664 399 751 Syracusanum
417 665 568 732 habitare
586 670 768 750 vetuerunt,
791 667 887 751 quod,
910 669 966 752 qui
983 669 1077 734 illam

55 759 196 842 partem
222 755 313 820 urbis
341 759 502 840 tenerent,
529 755 564 820 in
589 776 701 820 eorum
723 758 922 839 potestatem
944 761 1077 842 portum

54 845 214 909 futurum
236 842 483 929 intellegebam.
523 842 571 908 At
593 864 690 932 quem
713 843 754 907 ad
777 843 909 909 modum
932 848 982 910 est
1004 868 1075 930 per·
1095 859 1130 912 90

56 931 220 1018 vagatus!
251 931 387 996 Radices
403 931 587 1015 palmarum
601 930 791 1018 agrestium,
810 953 890 1015 quas
904 931 940 996 in
953 933 1077 998 nostrie

57 1021 205 1086 navibus
219 1021 420 1103 invenerant,
437 1019 615 1102 iactabant,
632 1023 670 1082 ut
689 1040 801 1084 omnes
819 1018 916 1084 istius
934 1019 1077 1105 inprobi-

12 1131 43 1170 ιο
58 1112 171 1173 tatem
207 1111 240 1172 et
278 1107 500 1195 calamitatem
536 1105 665 1173 Siciliae
702 1111 838 1192 possent
874 1129 1077 1194 cognoscere.

60 1195 236 1262 Siculosne
255 1195 392 1280 milites,
416 1198 623 1261 aratorumne
647 1195 782 1281 liberos,
805 1217 943 1282 quorum
965 1201 1076 1281 patres

59 1288 196 1351 tantum
214 1284 327 1349 labore
346 1305 404 1348 sno
423 1284 579 1349 frumenti
602 1285 790 1368 exarabant,
812 1288 858 1350 ut
872 1285 994 1370 populo
1013 1285 1077 1350 Ro·
1146 1301 1147 1304 ’

61 1395 163 1438 mano
195 1372 322 1457 totique
349 1370 466 1436 Italiae
499 1372 705 1457 suppeditare
737 1377 885 1458 possent,
918 1394 1014 1440 eosne
1042 1374 1077 1439 in

61 1462 175 1526 insula
189 1459 315 1526 Cereris
332 1463 439 1545 natos,
461 1459 519 1525 ubi
537 1460 678 1545 primum
695 1459 808 1547 fruges
831 1461 982 1527 inventae
1005 1483 1076 1528 esse

16 1569 47 1610 ιε
64 1551 230 1633 dicuntur,
262 1558 300 1614 eo
333 1548 405 1614 cibo
436 1569 506 1613 esse
534 1569 625 1633 usos,
657 1571 677 1613 a
704 1570 768 1632 quo
796 1550 936 1615 maiores
964 1571 1076 1615 eorum

19 1681 22 1689 ι
64 1641 190 1704 ceteros
205 1657 332 1721 quoque
345 1635 496 1722 frugibus
510 1635 652 1701 inventis
667 1639 888 1703 removerunt!
922 1636 967 1703 Te
985 1660 1076 1722 prae-

63 1730 138 1792 tore
158 1723 259 1790 Siculi
280 1724 402 1790 milites
421 1725 605 1810 palmarum
629 1724 795 1810 stirpibus,
817 1725 944 1809 piratae
967 1722 1076 1792 Siculo

64 1813 230 1879 frumento
260 1813 446 1878 alebantnrl
487 1811 515 1877 Ο
539 1813 760 1897 spectaculum
781 1812 937 1877 miserum
961 1817 1059 1897 atque
1079 1826 1131 1878 100

66 1900 397 1971 acerbumlludibrio
420 1921 492 1966 esse
512 1900 604 1965 urbis
628 1901 777 1987 gloriam,
799 1901 914 1985 populi
936 1900 1077 1966 Romani

21 2011 53 2053 ao
66 2011 200 2074 nomen,
225 1989 394 2054 hominum
421 1992 616 2055 conventum
644 1992 742 2072 atque
765 1988 1008 2054 multitudinem
1030 1991 1078 2075 pi·

67 2078 169 2145 ratico
184 2077 389 2162 myoparoni!
411 2077 558 2163 inportu
572 2076 774 2162 Syracusano
790 2077 829 2141 de
843 2070 947 2142 classe
965 2077 1078 2162 populi

67 2165 207 2232 Romani
242 2165 445 2250 triumphum
483 2185 579 2251 agere
614 2165 771 2249 piratam,
808 2185 880 2229 oum
915 2165 1077 2250 praetoris

68 2253 257 2320 inertissimi
283 2253 538 2338 nequissimique
565 2253 677 2318 oeulos
702 2252 902 2337 praedonum
925 2253 1007 2318 remi
1030 2275 1078 2340 re·

264 2343 272 2389 r

28 2449 58 2492 ae
71 2345 351 2514 spergdddddquam
378 2451 395 2494 e
420 2432 519 2514 portu
541 2429 667 2513 piratae
689 2449 756 2494 non
778 2431 867 2493 metu
890 2428 1001 2513 aliquo
1025 2430 1078 2496 cd·

71 2517 158 2602 fecti,
185 2517 241 2584 sed
267 2517 420 2583 satietate
443 2516 602 2601 exierunt,
629 2521 701 2581 tum
724 2520 901 2602 coeperunt
923 2539 1078 2600 quaerere

72 2607 215 2672 homines
254 2627 386 2672 cansam
421 2605 511 2670 illius
548 2608 660 2670 tantae
697 2604 904 2670 calamitatis.
961 2604 1078 2671 Dicere

75 2715 180 2760 omnes
199 2697 233 2758 et
254 2694 365 2780 palam
387 2693 554 2778 disputare
577 2693 710 2758 minime
733 2714 803 2758 esse
826 2692 1024 2778 mirandum,
1049 2694 1077 2758 si

74 2782 246 2868 remigibus
273 2782 496 2865 militibusque
524 2781 679 2866 dimissis,
706 2781 842 2864 reliquis
869 2783 1016 2866 egestate
1044 2785 1078 2846 et

34 2871 155 2936 solome
176 2869 325 2956 perditis,
347 2874 499 2955 praetore
521 2873 575 2934 tot
596 2869 663 2935 dies
687 2890 760 2934 cum
784 2868 982 2934 mulierculis
1004 2890 1077 2954 per·

75 2961 203 3044 potante
234 2960 328 3022 tanta
354 2957 535 3044 ignominia
562 2961 596 3022 et
623 2957 793 3023 calamitas
821 2959 908 3021 esset
935 2961 1075 3041 accepta.

75 3046 157 3113 Haeo
171 3049 280 3112 autem
293 3045 390 3110 istius
403 3045 601 3130 vituperatio
621 3049 718 3130 atque
736 3045 872 3110 infamia
890 3044 1059 3110 confirma-
1078 3061 1129 3117 101

76 3137 164 3200 batur
183 3156 295 3200 eorum
315 3155 470 3218 sermone,
493 3133 549 3217 qui
568 3155 588 3198 a
606 3133 672 3199 suis
691 3133 880 3199 civitatibus
898 3131 965 3198 illis
985 3131 1077 3198 nari·

77 3225 132 3289 bue
160 3221 341 3309 praepositi
371 3220 511 3286 fuerant.
556 3219 618 3296 Qui
646 3241 684 3286 ex
710 3221 769 3286 illo
796 3241 931 3287 numero
959 3219 1077 3304 reliqui

39 3329 66 3372 ⁸5
79 3310 243 3395 Syracusas
263 3311 368 3376 classe
389 3309 510 3375 emissa
532 3307 731 3395 refugerant,
754 3309 912 3394 dicebant,
935 3312 1016 3392 quot
1038 3329 1078 3372 ex

80 3421 132 3464 sua
156 3401 289 3485 quisque
311 3419 394 3465 nave
417 3398 534 3463 missos
558 3397 655 3463 sciret
679 3417 757 3461 esse.
798 3396 864 3462 Res
886 3399 958 3462 erat
981 3397 1077 3481 clara,

79 3507 171 3571 neque
204 3489 311 3554 solum
343 3486 557 3576 argumentis,
589 3486 646 3551 sed
679 3485 779 3552 etiam
809 3483 907 3551 certis
935 3484 1076 3550 testibus

127 3597 175 3642 oro.
189 3599 220 3643 n
235 3604 254 3642 1.
829 3593 865 3644 eo
