2600 3878
314 173 381 228 nra.
401 172 440 228 lv
473 174 549 229 cnr.
568 181 674 230 er-se
693 180 708 242 c
727 181 840 232 sa-ra
918 231 920 236 ,
1013 176 1078 242 387

71 321 157 383 asset
183 318 219 382 in
246 317 408 403 Hispania
433 322 579 405 praetor,
609 341 674 404 qua
698 319 734 384 in
760 321 928 405 provincia
954 321 1079 388 occisus

71 410 134 490 est,
161 406 269 473 nescio
297 428 361 491 quo
388 412 499 492 pacto,
527 408 603 473 dum
631 407 731 473 armis
757 412 934 493 exercetur,
962 411 1078 476 anulus

71 517 345 650 tt‘ltuttt
360 495 1079 670 tlftttttntettttttlt

43 688 57 727 ⁶
70 672 177 738 forum
190 672 231 737 ad
243 672 358 738 sellam
367 671 536 739 Cordubae
548 676 581 738 et
593 673 650 755 [ei]
662 673 773 758 palam
786 674 940 759 appendit
951 699 1080 761 aurum3

70 761 236 827 hominem
250 760 285 845 in
298 761 369 826 foro
388 761 480 828 iubet
498 761 614 827 sellam
631 783 751 845 ponere
770 764 804 826 et
821 762 927 827 facere
946 765 1078 830 anulum

15 883 16 920 ;
72 850 222 915 omnibus
245 850 481 934 praesentibus.
521 848 668 915 Nimium
690 851 830 915 fortasse
854 851 938 916 dicet
961 852 1079 936 aliquis

15 967 16 992 ι
71 938 158 1005 hunc
186 937 389 1023 diligentem3
417 938 573 1004 hactenus
598 937 824 1023 reprehendet,
851 939 880 1004 si
904 939 959 1022 qui
981 940 1080 1026 volet,

69 1026 154 1092 nihil
168 1026 317 1110 amplius.
349 1025 472 1092 Verum
489 1027 553 1093 fuit
570 1026 600 1091 ai
618 1026 869 1110 concedendum3
886 1027 973 1093 filius
992 1028 1078 1092 enim

15 1114 106 1184 ³1⁰Ir.
120 1114 250 1180 Pisonis
268 1118 348 1198 erat,
367 1115 435 1180 eiua
454 1115 510 1200 qui
528 1115 653 1200 primus
671 1115 710 1179 de
728 1115 873 1199 pecuniis
891 1115 1078 1201 repetundis
1126 1149 1134 1168 ·

15 1237 16 1274 ι
69 1203 177 1289 legem
200 1201 286 1268 tulit.
325 1202 510 1269 Ridiculum
533 1207 583 1268 ast
605 1225 657 1268 me
679 1225 764 1268 nunc
787 1202 826 1268 de
840 1201 941 1269 Verre
965 1204 1078 1290 dicere,
1097 1215 1131 1266 tr

15 1325 16 1364 ι
70 1313 144 1358 eum
162 1291 201 1358 de
219 1290 336 1357 Pisone
354 1291 457 1379 Frugi
477 1292 624 1376 dixerim3
647 1295 898 1375 verumtamen,
921 1296 1078 1376 quantum

15 1449 16 1452 ,
69 1379 213 1464 intersit,
244 1379 360 1445 ridete.
405 1381 473 1445 Istc
500 1403 573 1446 cum
602 1380 727 1464 aliquot
755 1380 930 1445 abacorum
957 1382 1078 1446 faceret

15 1537 16 1542 ,
69 1490 151 1535 vasa
173 1490 285 1549 aurea,
306 1490 373 1538 non
394 1464 570 1552 laboravit,
594 1469 671 1552 quid
693 1489 760 1533 non
782 1467 877 1533 modo
901 1469 935 1533 in
958 1465 1078 1551 Sicilia,

27 1571 55 1612 1⁵
69 1578 183 1623 rerum
211 1557 310 1622 etiam
336 1556 460 1622 Rornae
486 1556 522 1621 in
547 1556 665 1622 iudicio
693 1555 832 1640 audiret3
861 1556 918 1622 ille
944 1557 980 1623 in
1008 1557 1079 1622 auri

15 1687 16 1706 2
71 1645 236 1710 semuncia
252 1648 359 1710 totam
377 1644 572 1729 Hispaniam
590 1645 672 1710 scire
690 1644 805 1729 voluit,
826 1644 910 1709 unda
933 1646 1078 1731 praetori

70 1732 187 1816 anulus
214 1733 315 1798 fieret.
355 1731 519 1798 Nimirum
545 1735 583 1798 ut
609 1733 663 1798 hic
687 1753 806 1797 nomen
829 1753 922 1797 suum
945 1754 1078 1817 eonpro

15 1889 16 1894 ,
69 1821 175 1904 bavit,
199 1820 245 1887 sic
266 1821 323 1886 ille
346 1843 534 1908 cognomen.

15 1963 16 1972 ,
137 1907 238 1975 Nullo
271 1909 366 1978 modo
395 1932 529 1995 possum
557 1908 666 1974 omnia
691 1906 787 1973 istius
815 1908 902 1974 facta
930 1911 987 1973 aut
1014 1903 1131 1974 mato

24 2012 54 2054 ²0
70 1997 176 2064 moria
205 1997 357 2082 consequi
385 2002 442 2063 aut
469 1997 615 2062 oratione
642 1997 828 2082 complecti3
860 2017 979 2082 genera
1005 1997 1080 2082 ipsa

71 2085 166 2171 cupio
186 2085 329 2152 breviter
353 2086 527 2172 attingere,
550 2089 587 2150 ut
609 2084 662 2150 hic
684 2084 781 2150 modo
804 2106 856 2150 me
879 2086 1079 2150 commonuit
1122 2129 1124 2134 -

69 2173 200 2241 Pisonis
223 2174 352 2260 anulus,
382 2174 467 2258 quod
489 2177 597 2239 toturn
620 2172 797 2238 effluxerat.
838 2170 941 2248 Quam
964 2173 1078 2238 multis

69 2263 171 2328 istum
203 2263 328 2348 putatis
359 2262 545 2328 hominibus
578 2261 723 2327 honestis
756 2260 794 2325 de
822 2260 934 2346 digitis
962 2261 1078 2326 anulos
1206 2283 1209 2288 ’

72 2351 269 2416 abstulisse?
305 2349 492 2435 Numquam
515 2349 688 2432 dubitavit,
710 2348 997 2434 quotienscumque
1021 2349 1079 2414 ali·

24 2440 163 2505 aeonius
182 2442 239 2504 aut
258 2459 388 2524 gemma
406 2442 462 2504 aut
481 2438 578 2504 anulo
597 2438 775 2503 delectatus
794 2440 852 2503 est.
885 2437 1079 2502 Incredibile

72 2527 187 2611 dicam,
202 2526 258 2591 sed
271 2527 319 2592 ita
327 2527 460 2611 clarum,
474 2530 511 2592 nt
521 2526 628 2612 ipsum
643 2529 837 2611 negaturum
850 2547 918 2590 non
931 2526 1079 2591 arbitrer.

72 2614 155 2682 Cum
164 2613 328 2700 Valentio,
347 2615 414 2680 eius
428 2614 608 2699 interpreti,
627 2613 767 2699 epistula
778 2613 961 2700 Agrigento
976 2615 1080 2679 allata
1096 2612 1133 2666 ⁶8

72 2706 172 2788 esset,
199 2724 277 2769 casu
303 2703 434 2789 signum
459 2703 522 2768 ista
549 2703 693 2768 animum
720 2701 861 2768 advertit
887 2701 922 2766 in
946 2701 1079 2766 cretula.

70 2791 202 2858 Placuit
228 2791 272 2876 ei;
304 2792 478 2877 quaesivit,
509 2791 593 2857 unde
620 2795 706 2856 esset
732 2790 887 2875 epistula3
913 2789 1080 2872 respondit

22 2897 55 2938 ⁸⁰
70 2880 265 2967 Agrigento.
305 2879 373 2946 Ista
401 2880 543 2964 litteras,
572 2879 612 2944 ad
640 2901 720 2963 quos
744 2879 885 2960 solebat,
911 2876 1015 2960 misit,
1041 2879 1080 2939 ut

69 2969 100 3034 is
121 2969 236 3034 anulus
256 2968 297 3034 ad
315 2989 350 3034 se
368 2969 474 3052 primo
494 2989 619 3052 quoque
637 2971 785 3050 tempore
804 2964 992 3030 adferretur.
1026 2962 1080 3027 Ita

70 3057 193 3122 litteris
219 3057 316 3122 istius
343 3057 432 3142 patri
459 3055 615 3140 familias,
645 3054 682 3119 L.
700 3054 801 3137 Titio,
833 3051 895 3118 civi
921 3051 1080 3136 Romano,

70 3145 189 3213 anulus
217 3145 255 3211 de
284 3145 387 3230 digito
416 3144 578 3210 detractus
607 3145 665 3208 est.
711 3141 774 3206 Ille
800 3162 876 3206 vero
902 3139 970 3204 eius
993 3139 1079 3224 cupi-

70 3232 157 3299 ditas
186 3233 385 3299 incredibilis
414 3235 472 3298 est.
517 3231 602 3298 Nam
630 3234 668 3295 ut
693 3229 729 3293 in
753 3228 884 3315 singula
906 3227 1080 3312 conclavia,

18 3349 50 3393 ec
69 3343 155 3406 quae
186 3321 249 3387 iste
280 3344 348 3388 non
379 3322 474 3388 modo
502 3319 638 3402 Romae,
669 3317 726 3382 sed
753 3316 788 3381 in
815 3315 965 3382 omnibus
992 3315 1080 3381 villis

67 3410 186 3494 habet,
214 3410 409 3496 trigeminos
437 3410 539 3475 lectos
568 3406 690 3492 optime
717 3407 839 3470 stratos
867 3427 940 3470 cum
965 3402 1080 3469 ceteris

69 3498 272 3564 ornamentis
301 3498 441 3564 convivii
469 3498 650 3582 quaereret,
677 3493 812 3559 nimium
837 3494 943 3559 multa
965 3513 1080 3577 conpa-

811 3595 866 3651 25*
