2576 3882
193 177 257 242 238
337 137 342 148 ¹
490 175 530 230 IN
549 177 577 232 Ο.
596 175 751 231 VERREM
768 174 846 231 Aer.
866 175 900 231 11.

141 331 190 382 ror
210 323 339 406 gestum
359 341 428 386 esse
452 320 632 386 concedam.
668 320 723 404 At,
746 321 850 404 credo,
873 317 1027 386 Sthenius
1050 320 1112 386 hoc
1136 321 1199 386 sibi

193 409 338 493 amplum
349 408 485 494 putavit,
499 409 619 494 eligere
636 431 674 475 ex
688 409 807 474 civium
819 409 1041 474 Romanorum
1054 430 1199 493 numero,

192 518 231 562 ex
263 497 439 563 amicorum
472 501 569 582 atquc
600 497 766 582 hospitum
799 518 931 562 suorum
963 497 1070 582 copia,
1103 519 1200 580 quem

191 585 393 672 cognitorem
431 585 531 651 daret.
586 587 688 662 Quem
724 586 867 672 delegit?
905 585 977 671 quis
1008 585 1043 649 in
1075 585 1198 650 tabulis

192 675 332 760 scriptus
349 674 421 740 est?
458 673 492 741 O.
507 673 660 740 Claudius
680 672 714 740 O.
728 673 764 739 F.
776 673 937 740 Palatina.
973 672 1049 738 Non
1068 695 1199 758 quaero,
1211 691 1234 734 ⁵.

192 763 264 848 quis
278 764 331 830 hic
346 763 390 829 sit
403 761 567 846 Claudius,
585 785 681 849 quam
701 762 896 847 splendidae,
915 784 1013 847 quam
1030 762 1199 847 honestus,

189 873 291 1005 tet
320 851 473 1005 tetta
500 851 1199 1007 tt⁰ttrd²⁸sthtttltrhtrtr

190 1029 367 1094 discederet
381 1033 414 1094 et
430 1029 533 1094 civem
546 1028 730 1093 Romanum
749 1029 951 1114 cognitorem
970 1028 1071 1093 daret.
1103 1026 1199 1093 Nihil

189 1118 306 1184 horum
320 1138 453 1202 quaero,
472 1116 613 1182 fortasse
632 1117 717 1182 enim
736 1115 888 1182 Sthenius
906 1138 972 1182 non
991 1116 1199 1201 splendorem
1215 1134 1235 1172 ιθ

189 1206 345 1290 hominis,
380 1205 436 1270 sed
466 1205 726 1270 familiaritatem
758 1209 886 1271 secutus
919 1209 977 1271 est.
1027 1203 1134 1280 Quid?
1170 1207 1200 1270 si

190 1295 334 1360 omnium
357 1293 544 1358 mortalium
567 1315 662 1359 nemo
681 1291 815 1359 Sthenio
838 1293 999 1358 inimicior
1023 1314 1121 1377 quam
1144 1293 1199 1360 hic

189 1381 224 1446 O.
248 1380 402 1446 Claudius
431 1404 503 1446 cum
531 1404 672 1467 semper,
702 1386 773 1448 tum
800 1383 834 1447 in
860 1382 912 1446 his
938 1381 1018 1466 ipsis
1043 1381 1141 1446 rebus
1165 1389 1200 1447 et

119 1525 122 1532 .
189 1470 390 1554 temporibus
408 1469 479 1554 fuit,
498 1471 526 1535 si
545 1470 584 1535 dc
602 1471 721 1535 litteris
740 1471 900 1555 corruptis
919 1470 1151 1555 contravenit,
1170 1473 1200 1536 si

133 1617 136 1621 .
189 1562 303 1623 contra
317 1559 406 1623 omni
419 1559 545 1624 ratione
558 1559 726 1645 pugnavit,
739 1562 848 1625 utrum
862 1558 971 1643 potius
985 1579 1044 1642 pro
1059 1555 1199 1624 Sthenio
1214 1575 1235 1615 ¹⁵

187 1646 353 1713 inimicum
368 1649 570 1733 cognitorem
584 1669 654 1713 esse
670 1648 793 1713 factum
811 1669 852 1712 an
870 1650 903 1711 te
922 1646 963 1712 ad
982 1644 1096 1711 Stheni
1114 1648 1200 1731 peri-

188 1736 297 1801 culum
319 1735 442 1802 inimici
464 1737 532 1802 eius
554 1737 685 1801 nomine
708 1736 846 1801 abusum
868 1756 938 1800 esse
962 1735 1153 1800 credemus?

134 1794 185 1920 ’ἓξὲξ
254 1826 303 1891 Ac
329 1847 370 1890 ne
397 1825 454 1910 qui
479 1824 565 1890 forte
594 1824 733 1906 dubitet,
766 1824 854 1889 cuius
883 1822 972 1888 modi
997 1823 1060 1888 hoc
1086 1826 1200 1889 totum

206 1913 249 1977 sit
270 1914 447 1998 negotium,
469 1913 603 1978 tametsi
624 1914 690 1978 iam
713 1912 833 1978 dudum
856 1911 1006 1976 omnibus
1025 1911 1123 1976 istius
1138 1913 1200 1978 im-

187 2001 385 2086 probitatem
416 2003 620 2086 perspicuam
652 2023 721 2066 esse
751 2001 889 2084 confid0,
921 2003 1032 2065 tamen
1059 2001 1200 2084 paulum
1213 2019 1235 2057 20

188 2089 286 2154 etiam
327 2089 493 2154 attendite.
549 2088 677 2154 Videtis
717 2090 812 2154 illum
853 2089 1021 2172 subcrispo
1063 2089 1200 2175 capillo,

185 2177 330 2262 nigrum,
359 2177 414 2260 qui
440 2199 478 2243 eo
500 2179 593 2243 vultu
615 2200 675 2243 nos
698 2178 856 2263 intuetur,
883 2181 920 2242 ut
943 2176 1007 2242 sibi
1029 2177 1100 2260 ipsc
1124 2200 1200 2260 per-

187 2268 301 2330 acutus
328 2264 476 2332 uideatur
504 2288 587 2351 esse,
617 2267 673 2350 qui
703 2267 834 2331 tabulas
861 2269 964 2348 tenet,
992 2265 1048 2349 qui
1072 2266 1202 2350 scribit,

186 2357 680 2527 tttrttrtctttti
706 2352 1202 2529 ttrttfftitltttet
1216 2461 1240 2501 ᾖ

185 2530 321 2614 tiorum,
347 2552 448 2617 prope
472 2530 599 2614 collega
621 2530 819 2596 Timarchidi
840 2530 1086 2614 numerabatur,
1107 2551 1202 2598 nunc

188 2619 314 2684 obtinet
339 2640 412 2684 eum
435 2619 556 2702 locum,
584 2620 698 2684 utrix
721 2619 867 2704 Apronio
890 2619 941 2684 illi
964 2618 1002 2683 dc
1024 2618 1203 2684 familiari-

186 2711 254 2772 tate
273 2708 445 2772 concedere
464 2707 621 2791 videatur,
645 2708 674 2772 ei
693 2708 749 2791 qui
768 2729 801 2772 se
821 2729 888 2772 non
906 2707 1113 2789 Timarchidi,
1139 2710 1202 2773 sed

137 2807 185 2856 109
203 2796 306 2880 ipsius
320 2794 432 2860 Verris
452 2795 612 2881 collegam
631 2798 664 2860 ct
682 2796 805 2862 socium
824 2817 895 2861 esse
919 2796 1054 2860 dicebat.
1091 2793 1202 2862 Dubi-

186 2887 255 2949 tate
279 2883 391 2968 etiam,
415 2883 444 2947 si
466 2884 617 2967 potestis,
641 2884 718 2968 quin
741 2907 814 2948 eum
837 2884 900 2950 iste
922 2883 1131 2969 potissimum
1158 2907 1202 2950 ex
1217 2903 1241 2942 ³⁰

187 2973 275 3037 omni
299 2993 433 3037 numero
460 2970 629 3058 delegerit,
657 2972 708 3036 cui
734 2971 818 3037 hanc
845 2972 1022 3059 cognitoris
1043 2972 1123 3040 falsi
1137 2975 1202 3042 irn-

185 3061 324 3145 probam
355 3081 528 3145 personam
560 3061 753 3144 imponeret,
787 3082 885 3144 quem
916 3065 949 3126 et
979 3060 1054 3125 huic
1085 3061 1203 3126 inimi-

186 3148 351 3212 cissimum
370 3150 403 3211 et
427 3149 490 3213 sibi
514 3149 746 3214 amicissimum
768 3170 839 3214 esse
863 3150 1090 3214 arbitraretur!
1133 3150 1204 3216 Hic

186 3255 244 3299 vos
259 3234 460 3320 dubitabitis,
474 3236 604 3321 iudices,
619 3241 747 3302 tantam
760 3237 856 3303 istius
872 3237 1047 3321 audaciam,
1065 3241 1203 3304 tantam

186 3321 423 3404 crudelitatem,
452 3327 580 3390 tantam
607 3325 758 3390 iniuriam
786 3326 970 3391 vindicare?
1002 3325 1203 3393 dubitabitis
1218 3345 1240 3384 ³⁵

186 3408 367 3490 exemplum
400 3410 532 3478 illorum
563 3413 705 3479 iudicum
736 3413 839 3496 sequi,
872 3415 927 3498 qui
955 3414 1109 3479 damnato
1140 3413 1203 3481 On.

184 3493 360 3559 Dolabella
377 3497 617 3566 damnationem
631 3501 816 3566 Philodami
831 3500 967 3586 Opuntii
983 3501 1205 3589 resciderunt,
