<?xml version="1.0" encoding="UTF-8"?>
<!DOCTYPE html PUBLIC "-//W3C//DTD XHTML 1.0 Transitional//EN"
    "http://www.w3.org/TR/xhtml1/DTD/xhtml1-transitional.dtd">
<html xmlns="http://www.w3.org/1999/xhtml" xml:lang="en" lang="en">
 <head>
  <title>
</title>
<meta http-equiv="Content-Type" content="text/html;charset=utf-8" />
  <meta name='ocr-system' content='tesseract 3.04.00' />
  <meta name='ocr-capabilities' content='ocr_page ocr_carea ocr_par ocr_line ocrx_word'/>
</head>
<body>
  <div class='ocr_page' id='page_1' title='image "./scriptaquaemans01mullgoog_0369.png"; bbox 0 0 2558 3884; ppageno 0'>
   <div class='ocr_carea' id='block_1_1' title="bbox 171 215 881 284">
    <p class='ocr_par' dir='ltr' id='par_1_1' title="bbox 171 215 881 284">
     <span class='ocr_line' id='line_1_1' title="bbox 171 215 881 284; baseline -0.017 0"><span class='ocrx_word' id='word_1_1' title='bbox 171 218 238 284; x_wconf 77' lang='lat'><strong>254</strong></span> <span class='ocrx_word' id='word_1_2' title='bbox 472 215 511 272; x_wconf 85' lang='lat' dir='ltr'><strong>IN</strong></span> <span class='ocrx_word' id='word_1_3' title='bbox 532 215 560 272; x_wconf 79' lang='lat' dir='ltr'><strong>(l.</strong></span> <span class='ocrx_word' id='word_1_4' title='bbox 576 215 731 271; x_wconf 82' lang='lat' dir='ltr'>VERREM</span> <span class='ocrx_word' id='word_1_5' title='bbox 749 215 828 272; x_wconf 80' lang='lat' dir='ltr'><strong>AOT.</strong></span> <span class='ocrx_word' id='word_1_6' title='bbox 847 215 881 272; x_wconf 90' lang='lat'><strong>11.</strong></span> 
     </span>
    </p>
   </div>
   <div class='ocr_carea' id='block_1_2' title="bbox 118 351 1270 1860">
    <p class='ocr_par' dir='ltr' id='par_1_2' title="bbox 118 351 1270 1860">
     <span class='ocr_line' id='line_1_2' title="bbox 172 351 1270 448; baseline -0.002 -20"><span class='ocrx_word' id='word_1_7' title='bbox 172 363 312 428; x_wconf 88' lang='lat' dir='ltr'><strong>scribere</strong></span> <span class='ocrx_word' id='word_1_8' title='bbox 335 361 463 426; x_wconf 88' lang='lat' dir='ltr'><strong>habetis</strong></span> <span class='ocrx_word' id='word_1_9' title='bbox 486 361 521 426; x_wconf 91' lang='lat' dir='ltr'><strong>in</strong></span> <span class='ocrx_word' id='word_1_10' title='bbox 544 360 652 426; x_wconf 87' lang='lat' dir='ltr'><strong>animo</strong></span> <span class='ocrx_word' id='word_1_11' title='bbox 677 381 778 448; x_wconf 79' lang='lat' dir='ltr'><strong>genus</strong></span> <span class='ocrx_word' id='word_1_12' title='bbox 800 361 863 426; x_wconf 89' lang='lat' dir='ltr'><strong>hoc</strong></span> <span class='ocrx_word' id='word_1_13' title='bbox 887 363 1069 445; x_wconf 87' lang='lat' dir='ltr'><strong>aratorum,</strong></span> <span class='ocrx_word' id='word_1_14' title='bbox 1096 362 1185 447; x_wconf 89' lang='lat' dir='ltr'><strong>qnod</strong></span> <span class='ocrx_word' id='word_1_15' title='bbox 1269 351 1270 436; x_wconf 77' lang='lat' dir='ltr'><strong>l</strong></span> 
     </span>
     <span class='ocr_line' id='line_1_3' title="bbox 171 449 1185 535; baseline 0.001 -20"><span class='ocrx_word' id='word_1_16' title='bbox 171 472 226 516; x_wconf 88' lang='lat' dir='ltr'><strong>eos</strong></span> <span class='ocrx_word' id='word_1_17' title='bbox 245 449 373 515; x_wconf 89' lang='lat' dir='ltr'><strong>infenso</strong></span> <span class='ocrx_word' id='word_1_18' title='bbox 397 449 505 514; x_wconf 88' lang='lat' dir='ltr'><strong>animo</strong></span> <span class='ocrx_word' id='word_1_19' title='bbox 530 452 628 534; x_wconf 88' lang='lat' dir='ltr'><strong>atque</strong></span> <span class='ocrx_word' id='word_1_20' title='bbox 650 449 782 516; x_wconf 89' lang='lat' dir='ltr'><strong>inimico</strong></span> <span class='ocrx_word' id='word_1_21' title='bbox 805 449 933 514; x_wconf 83' lang='lat' dir='ltr'><strong>venisse</strong></span> <span class='ocrx_word' id='word_1_22' title='bbox 956 449 1082 535; x_wconf 91' lang='lat' dir='ltr'><strong>dicatis,</strong></span> <span class='ocrx_word' id='word_1_23' title='bbox 1106 450 1185 534; x_wconf 90' lang='lat' dir='ltr'><strong>quia</strong></span> 
     </span>
     <span class='ocr_line' id='line_1_4' title="bbox 170 537 1270 628; baseline 0 -25"><span class='ocrx_word' id='word_1_24' title='bbox 170 539 269 604; x_wconf 87' lang='lat' dir='ltr'><strong>fuerit</strong></span> <span class='ocrx_word' id='word_1_25' title='bbox 299 537 334 602; x_wconf 90' lang='lat' dir='ltr'><strong>in</strong></span> <span class='ocrx_word' id='word_1_26' title='bbox 366 537 508 603; x_wconf 90' lang='lat' dir='ltr'><strong>decumis</strong></span> <span class='ocrx_word' id='word_1_27' title='bbox 540 537 604 620; x_wconf 89' lang='lat' dir='ltr'><strong>iste</strong></span> <span class='ocrx_word' id='word_1_28' title='bbox 632 537 863 603; x_wconf 82' lang='lat' dir='ltr'><strong>vehementior.</strong></span> <span class='ocrx_word' id='word_1_29' title='bbox 912 537 1003 625; x_wconf 79' lang='lat' dir='ltr'><strong>Ergo</strong></span> <span class='ocrx_word' id='word_1_30' title='bbox 1034 541 1183 603; x_wconf 86' lang='lat' dir='ltr'><strong>aratores</strong></span> <span class='ocrx_word' id='word_1_31' title='bbox 1269 545 1270 628; x_wconf 67' lang='lat' dir='ltr'><strong>l</strong></span> 
     </span>
     <span class='ocr_line' id='line_1_5' title="bbox 170 625 1270 722; baseline 0.001 -31"><span class='ocrx_word' id='word_1_32' title='bbox 170 625 293 692; x_wconf 90' lang='lat' dir='ltr'><strong>inimici</strong></span> <span class='ocrx_word' id='word_1_33' title='bbox 325 646 437 691; x_wconf 91' lang='lat' dir='ltr'><strong>omnes</strong></span> <span class='ocrx_word' id='word_1_34' title='bbox 470 629 504 691; x_wconf 88' lang='lat' dir='ltr'><strong>et</strong></span> <span class='ocrx_word' id='word_1_35' title='bbox 531 625 710 691; x_wconf 82' lang='lat' dir='ltr'><strong>adversarii</strong></span> <span class='ocrx_word' id='word_1_36' title='bbox 737 629 825 711; x_wconf 80' lang='lat' dir='ltr'><strong>sunt3</strong></span> <span class='ocrx_word' id='word_1_37' title='bbox 857 647 953 691; x_wconf 89' lang='lat' dir='ltr'><strong>nemo</strong></span> <span class='ocrx_word' id='word_1_38' title='bbox 982 629 1033 692; x_wconf 92' lang='lat' dir='ltr'><strong>est</strong></span> <span class='ocrx_word' id='word_1_39' title='bbox 1060 648 1184 710; x_wconf 85' lang='lat' dir='ltr'><strong>eorum,</strong></span> <span class='ocrx_word' id='word_1_40' title='bbox 1269 629 1270 722; x_wconf 64' lang='lat' dir='ltr'><strong>l</strong></span> 
     </span>
     <span class='ocr_line' id='line_1_6' title="bbox 170 713 1208 800; baseline 0.002 -21"><span class='ocrx_word' id='word_1_41' title='bbox 170 715 306 799; x_wconf 89' lang='lat' dir='ltr'><strong>quinon</strong></span> <span class='ocrx_word' id='word_1_42' title='bbox 319 714 443 799; x_wconf 86' lang='lat' dir='ltr'><strong>perisse</strong></span> <span class='ocrx_word' id='word_1_43' title='bbox 457 718 490 779; x_wconf 89' lang='lat' dir='ltr'><strong>te</strong></span> <span class='ocrx_word' id='word_1_44' title='bbox 508 714 640 798; x_wconf 80' lang='lat' dir='ltr'><strong>cupiat?</strong></span> <span class='ocrx_word' id='word_1_45' title='bbox 674 713 813 780; x_wconf 86' lang='lat' dir='ltr'><strong>Omnino</strong></span> <span class='ocrx_word' id='word_1_46' title='bbox 832 714 998 799; x_wconf 84' lang='lat' dir='ltr'><strong>praeclare</strong></span> <span class='ocrx_word' id='word_1_47' title='bbox 1016 719 1051 780; x_wconf 88' lang='lat' dir='ltr'><strong>te</strong></span> <span class='ocrx_word' id='word_1_48' title='bbox 1069 713 1208 800; x_wconf 82' lang='lat' dir='ltr'><strong>habes,5</strong></span> 
     </span>
     <span class='ocr_line' id='line_1_7' title="bbox 170 801 1270 892; baseline 0 -24"><span class='ocrx_word' id='word_1_49' title='bbox 170 825 244 868; x_wconf 89' lang='lat' dir='ltr'><strong>cunr</strong></span> <span class='ocrx_word' id='word_1_50' title='bbox 261 803 290 868; x_wconf 90' lang='lat' dir='ltr'><strong>is</strong></span> <span class='ocrx_word' id='word_1_51' title='bbox 310 802 389 868; x_wconf 92' lang='lat' dir='ltr'><strong>ordo</strong></span> <span class='ocrx_word' id='word_1_52' title='bbox 409 805 506 887; x_wconf 88' lang='lat' dir='ltr'><strong>atque</strong></span> <span class='ocrx_word' id='word_1_53' title='bbox 527 802 560 867; x_wconf 94' lang='lat' dir='ltr'><strong>id</strong></span> <span class='ocrx_word' id='word_1_54' title='bbox 583 801 752 867; x_wconf 89' lang='lat' dir='ltr'><strong>hominum</strong></span> <span class='ocrx_word' id='word_1_55' title='bbox 775 823 887 890; x_wconf 83' lang='lat' dir='ltr'><strong>genus,</strong></span> <span class='ocrx_word' id='word_1_56' title='bbox 910 801 997 887; x_wconf 89' lang='lat' dir='ltr'><strong>quod</strong></span> <span class='ocrx_word' id='word_1_57' title='bbox 1020 803 1183 887; x_wconf 90' lang='lat' dir='ltr'><strong>optimum</strong></span> <span class='ocrx_word' id='word_1_58' title='bbox 1269 809 1270 892; x_wconf 69' lang='lat' dir='ltr'><strong>l</strong></span> 
     </span>
     <span class='ocr_line' id='line_1_8' title="bbox 171 891 1270 976; baseline -0.001 -19"><span class='ocrx_word' id='word_1_59' title='bbox 171 895 269 976; x_wconf 90' lang='lat' dir='ltr'><strong>atque</strong></span> <span class='ocrx_word' id='word_1_60' title='bbox 296 891 563 956; x_wconf 87' lang='lat' dir='ltr'><strong>honestissimum</strong></span> <span class='ocrx_word' id='word_1_61' title='bbox 591 892 654 975; x_wconf 91' lang='lat' dir='ltr'><strong>est,</strong></span> <span class='ocrx_word' id='word_1_62' title='bbox 686 911 707 956; x_wconf 87' lang='lat' dir='ltr'><strong>a</strong></span> <span class='ocrx_word' id='word_1_63' title='bbox 734 912 801 975; x_wconf 88' lang='lat' dir='ltr'><strong>quo·</strong></span> <span class='ocrx_word' id='word_1_64' title='bbox 825 913 890 956; x_wconf 91' lang='lat' dir='ltr'><strong>uno</strong></span> <span class='ocrx_word' id='word_1_65' title='bbox 918 895 951 956; x_wconf 84' lang='lat' dir='ltr'><strong>ct</strong></span> <span class='ocrx_word' id='word_1_66' title='bbox 979 913 1109 956; x_wconf 89' lang='lat' dir='ltr'><strong>summa</strong></span> <span class='ocrx_word' id='word_1_67' title='bbox 1135 892 1183 957; x_wconf 90' lang='lat' dir='ltr'><strong>rei</strong></span> <span class='ocrx_word' id='word_1_68' title='bbox 1269 895 1270 972; x_wconf 55' lang='grc' dir='ltr'>ξ</span> 
     </span>
     <span class='ocr_line' id='line_1_9' title="bbox 170 978 1183 1065; baseline -0.001 -20"><span class='ocrx_word' id='word_1_69' title='bbox 170 980 320 1065; x_wconf 88' lang='lat' dir='ltr'><strong>publicae</strong></span> <span class='ocrx_word' id='word_1_70' title='bbox 339 983 372 1044; x_wconf 90' lang='lat' dir='ltr'><strong>et</strong></span> <span class='ocrx_word' id='word_1_71' title='bbox 393 980 454 1044; x_wconf 89' lang='lat' dir='ltr'><strong>illa</strong></span> <span class='ocrx_word' id='word_1_72' title='bbox 475 978 643 1064; x_wconf 81' lang='lat' dir='ltr'><strong>provincia</strong></span> <span class='ocrx_word' id='word_1_73' title='bbox 664 979 805 1045; x_wconf 86' lang='lat' dir='ltr'><strong>maxime</strong></span> <span class='ocrx_word' id='word_1_74' title='bbox 828 979 1021 1063; x_wconf 73' lang='lat' dir='ltr'><strong>continetur,</strong></span> <span class='ocrx_word' id='word_1_75' title='bbox 1044 980 1109 1044; x_wconf 93' lang='lat' dir='ltr'><strong>tibi</strong></span> <span class='ocrx_word' id='word_1_76' title='bbox 1131 984 1183 1045; x_wconf 91' lang='lat' dir='ltr'><strong>est</strong></span> 
     </span>
     <span class='ocr_line' id='line_1_10' title="bbox 118 1065 1270 1152; baseline 0.003 -19"><span class='ocrx_word' id='word_1_77' title='bbox 118 1082 169 1133; x_wconf 79' lang='lat'><strong>150</strong></span> <span class='ocrx_word' id='word_1_78' title='bbox 188 1068 458 1133; x_wconf 89' lang='lat' dir='ltr'><strong>inimicissimum.</strong></span> <span class='ocrx_word' id='word_1_79' title='bbox 501 1065 625 1132; x_wconf 87' lang='lat' dir='ltr'><strong>Verum</strong></span> <span class='ocrx_word' id='word_1_80' title='bbox 653 1070 737 1152; x_wconf 81' lang='lat' dir='ltr'><strong>est03</strong></span> <span class='ocrx_word' id='word_1_81' title='bbox 765 1067 926 1133; x_wconf 91' lang='lat' dir='ltr'><strong>alioloco</strong></span> <span class='ocrx_word' id='word_1_82' title='bbox 950 1068 1182 1134; x_wconf 81' lang='lat' dir='ltr'><strong>decretorum</strong></span> <span class='ocrx_word' id='word_1_83' title='bbox 1269 1085 1270 1136; x_wconf 72' lang='lat'>1</span> 
     </span>
     <span class='ocr_line' id='line_1_11' title="bbox 170 1155 1270 1241; baseline 0.002 -19"><span class='ocrx_word' id='word_1_84' title='bbox 170 1158 278 1222; x_wconf 89' lang='lat' dir='ltr'><strong>animo</strong></span> <span class='ocrx_word' id='word_1_85' title='bbox 293 1159 327 1221; x_wconf 92' lang='lat' dir='ltr'><strong>et</strong></span> <span class='ocrx_word' id='word_1_86' title='bbox 339 1156 466 1221; x_wconf 90' lang='lat' dir='ltr'><strong>iniuriis</strong></span> <span class='ocrx_word' id='word_1_87' title='bbox 484 1155 610 1239; x_wconf 81' lang='lat' dir='ltr'><strong>vider03</strong></span> <span class='ocrx_word' id='word_1_88' title='bbox 627 1176 722 1240; x_wconf 91' lang='lat' dir='ltr'><strong>nunc,</strong></span> <span class='ocrx_word' id='word_1_89' title='bbox 741 1155 827 1240; x_wconf 91' lang='lat' dir='ltr'><strong>quod</strong></span> <span class='ocrx_word' id='word_1_90' title='bbox 842 1155 924 1221; x_wconf 91' lang='lat' dir='ltr'><strong>mihi</strong></span> <span class='ocrx_word' id='word_1_91' title='bbox 942 1157 1002 1221; x_wconf 87' lang='lat' dir='ltr'><strong>abs</strong></span> <span class='ocrx_word' id='word_1_92' title='bbox 1020 1160 1055 1222; x_wconf 91' lang='lat' dir='ltr'><strong>te</strong></span> <span class='ocrx_word' id='word_1_93' title='bbox 1074 1155 1218 1241; x_wconf 82' lang='lat' dir='ltr'><strong>datur,1c</strong></span> <span class='ocrx_word' id='word_1_94' title='bbox 1269 1161 1270 1168; x_wconf 73' lang='grc'>’</span> 
     </span>
     <span class='ocr_line' id='line_1_12' title="bbox 169 1242 1270 1332; baseline 0.001 -24"><span class='ocrx_word' id='word_1_95' title='bbox 169 1245 203 1309; x_wconf 93' lang='lat' dir='ltr'><strong>id</strong></span> <span class='ocrx_word' id='word_1_96' title='bbox 235 1244 372 1328; x_wconf 87' lang='lat' dir='ltr'><strong>accipio,</strong></span> <span class='ocrx_word' id='word_1_97' title='bbox 404 1263 459 1309; x_wconf 88' lang='lat' dir='ltr'><strong>ees</strong></span> <span class='ocrx_word' id='word_1_98' title='bbox 489 1243 552 1308; x_wconf 92' lang='lat' dir='ltr'><strong>tibi</strong></span> <span class='ocrx_word' id='word_1_99' title='bbox 579 1264 650 1309; x_wconf 87' lang='lat' dir='ltr'><strong>esse</strong></span> <span class='ocrx_word' id='word_1_100' title='bbox 676 1243 928 1310; x_wconf 89' lang='lat' dir='ltr'><strong>inimicissimos.</strong></span> <span class='ocrx_word' id='word_1_101' title='bbox 976 1242 1107 1332; x_wconf 88' lang='lat' dir='ltr'><strong>Nempe</strong></span> <span class='ocrx_word' id='word_1_102' title='bbox 1134 1245 1183 1310; x_wconf 86' lang='lat' dir='ltr'><strong>ita</strong></span> <span class='ocrx_word' id='word_1_103' title='bbox 1269 1293 1270 1296; x_wconf 17' lang='grc' dir='ltr'>η</span> 
     </span>
     <span class='ocr_line' id='line_1_13' title="bbox 170 1329 1182 1418; baseline 0.002 -22"><span class='ocrx_word' id='word_1_104' title='bbox 170 1333 261 1398; x_wconf 91' lang='lat' dir='ltr'><strong>dicis:</strong></span> <span class='ocrx_word' id='word_1_105' title='bbox 292 1334 427 1416; x_wconf 88' lang='lat' dir='ltr'><strong>propter</strong></span> <span class='ocrx_word' id='word_1_106' title='bbox 455 1330 615 1398; x_wconf 75' lang='lat' dir='ltr'><strong>decumas.</strong></span> <span class='ocrx_word' id='word_1_107' title='bbox 660 1329 822 1416; x_wconf 77' lang='lat' dir='ltr'><strong>Conced03</strong></span> <span class='ocrx_word' id='word_1_108' title='bbox 853 1353 920 1399; x_wconf 88' lang='lat' dir='ltr'><strong>non</strong></span> <span class='ocrx_word' id='word_1_109' title='bbox 947 1354 1084 1418; x_wconf 77' lang='lat' dir='ltr'><strong>quaero,</strong></span> <span class='ocrx_word' id='word_1_110' title='bbox 1111 1333 1182 1398; x_wconf 91' lang='lat' dir='ltr'><strong>iure</strong></span> 
     </span>
     <span class='ocr_line' id='line_1_14' title="bbox 169 1417 1270 1508; baseline 0.001 -23"><span class='ocrx_word' id='word_1_111' title='bbox 169 1442 211 1485; x_wconf 86' lang='lat' dir='ltr'><strong>an</strong></span> <span class='ocrx_word' id='word_1_112' title='bbox 237 1418 357 1484; x_wconf 90' lang='lat' dir='ltr'><strong>iniuria</strong></span> <span class='ocrx_word' id='word_1_113' title='bbox 384 1419 450 1483; x_wconf 92' lang='lat' dir='ltr'><strong>sint</strong></span> <span class='ocrx_word' id='word_1_114' title='bbox 476 1419 608 1486; x_wconf 87' lang='lat' dir='ltr'><strong>inimici.</strong></span> <span class='ocrx_word' id='word_1_115' title='bbox 653 1417 737 1495; x_wconf 86' lang='lat' dir='ltr'><strong>Quid</strong></span> <span class='ocrx_word' id='word_1_116' title='bbox 763 1441 841 1508; x_wconf 79' lang='lat' dir='ltr'><strong>ergo</strong></span> <span class='ocrx_word' id='word_1_117' title='bbox 863 1421 941 1486; x_wconf 86' lang='lat' dir='ltr'><strong>illae</strong></span> <span class='ocrx_word' id='word_1_118' title='bbox 964 1421 1029 1486; x_wconf 89' lang='lat' dir='ltr'><strong>sibi</strong></span> <span class='ocrx_word' id='word_1_119' title='bbox 1052 1425 1182 1486; x_wconf 83' lang='lat' dir='ltr'><strong>statuae</strong></span> <span class='ocrx_word' id='word_1_120' title='bbox 1269 1453 1270 1458; x_wconf 41' lang='lat'>1</span> 
     </span>
     <span class='ocr_line' id='line_1_15' title="bbox 169 1507 1182 1594; baseline 0.002 -22"><span class='ocrx_word' id='word_1_121' title='bbox 169 1511 334 1591; x_wconf 75' lang='lat' dir='ltr'><strong>equestres</strong></span> <span class='ocrx_word' id='word_1_122' title='bbox 348 1507 518 1573; x_wconf 77' lang='lat' dir='ltr'><strong>inauratae</strong></span> <span class='ocrx_word' id='word_1_123' title='bbox 533 1510 657 1592; x_wconf 84' lang='lat' dir='ltr'><strong>volunt,</strong></span> <span class='ocrx_word' id='word_1_124' title='bbox 674 1529 757 1593; x_wconf 87' lang='lat' dir='ltr'><strong>quae</strong></span> <span class='ocrx_word' id='word_1_125' title='bbox 774 1509 890 1594; x_wconf 89' lang='lat' dir='ltr'><strong>populi</strong></span> <span class='ocrx_word' id='word_1_126' title='bbox 906 1508 1049 1575; x_wconf 87' lang='lat' dir='ltr'><strong>Romani</strong></span> <span class='ocrx_word' id='word_1_127' title='bbox 1068 1510 1182 1576; x_wconf 90' lang='lat' dir='ltr'><strong>oeulos</strong></span> 
     </span>
     <span class='ocr_line' id='line_1_16' title="bbox 169 1595 1270 1682; baseline 0.005 -23"><span class='ocrx_word' id='word_1_128' title='bbox 169 1597 359 1680; x_wconf 88' lang='lat' dir='ltr'><strong>animosque</strong></span> <span class='ocrx_word' id='word_1_129' title='bbox 378 1596 518 1661; x_wconf 84' lang='lat' dir='ltr'><strong>maxime</strong></span> <span class='ocrx_word' id='word_1_130' title='bbox 536 1597 711 1682; x_wconf 86' lang='lat' dir='ltr'><strong>offendunt,</strong></span> <span class='ocrx_word' id='word_1_131' title='bbox 733 1601 869 1682; x_wconf 89' lang='lat' dir='ltr'><strong>propter</strong></span> <span class='ocrx_word' id='word_1_132' title='bbox 888 1598 1001 1662; x_wconf 90' lang='lat' dir='ltr'><strong>aedem</strong></span> <span class='ocrx_word' id='word_1_133' title='bbox 1015 1595 1181 1664; x_wconf 79' lang='lat' dir='ltr'><strong>Volcani?</strong></span> <span class='ocrx_word' id='word_1_134' title='bbox 1194 1623 1217 1665; x_wconf 73' lang='lat'><strong>1⁵</strong></span> <span class='ocrx_word' id='word_1_135' title='bbox 1269 1673 1270 1676; x_wconf 8' lang='grc' dir='ltr'><strong>Ἴ</strong></span> 
     </span>
     <span class='ocr_line' id='line_1_17' title="bbox 167 1684 1181 1769; baseline 0.003 -20"><span class='ocrx_word' id='word_1_136' title='bbox 167 1706 246 1749; x_wconf 90' lang='lat' dir='ltr'><strong>nam</strong></span> <span class='ocrx_word' id='word_1_137' title='bbox 277 1684 470 1768; x_wconf 91' lang='lat' dir='ltr'><strong>inscriptum</strong></span> <span class='ocrx_word' id='word_1_138' title='bbox 502 1707 572 1750; x_wconf 89' lang='lat' dir='ltr'><strong>csse</strong></span> <span class='ocrx_word' id='word_1_139' title='bbox 602 1685 705 1750; x_wconf 86' lang='lat' dir='ltr'><strong>video·</strong></span> <span class='ocrx_word' id='word_1_140' title='bbox 723 1686 886 1769; x_wconf 88' lang='lat' dir='ltr'><strong>quandam</strong></span> <span class='ocrx_word' id='word_1_141' title='bbox 913 1707 952 1751; x_wconf 86' lang='lat' dir='ltr'><strong>ex</strong></span> <span class='ocrx_word' id='word_1_142' title='bbox 978 1684 1031 1752; x_wconf 88' lang='lat' dir='ltr'><strong>his</strong></span> <span class='ocrx_word' id='word_1_143' title='bbox 1061 1686 1181 1752; x_wconf 87' lang='lat' dir='ltr'><strong>statuis</strong></span> 
     </span>
     <span class='ocr_line' id='line_1_18' title="bbox 169 1771 1270 1860; baseline 0.005 -23"><span class='ocrx_word' id='word_1_144' title='bbox 169 1776 315 1838; x_wconf 87' lang='lat' dir='ltr'><strong>aratores</strong></span> <span class='ocrx_word' id='word_1_145' title='bbox 335 1772 470 1848; x_wconf 86' lang='lat' dir='ltr'><strong>dedisse.</strong></span> <span class='ocrx_word' id='word_1_146' title='bbox 510 1771 546 1837; x_wconf 78' lang='lat' dir='ltr'><strong>si</strong></span> <span class='ocrx_word' id='word_1_147' title='bbox 562 1772 696 1838; x_wconf 90' lang='lat' dir='ltr'><strong>honoris</strong></span> <span class='ocrx_word' id='word_1_148' title='bbox 720 1795 819 1839; x_wconf 89' lang='lat' dir='ltr'><strong>causa</strong></span> <span class='ocrx_word' id='word_1_149' title='bbox 841 1777 986 1839; x_wconf 86' lang='lat' dir='ltr'><strong>statuam</strong></span> <span class='ocrx_word' id='word_1_150' title='bbox 1010 1774 1180 1860; x_wconf 90' lang='lat' dir='ltr'><strong>dederunt,</strong></span> <span class='ocrx_word' id='word_1_151' title='bbox 1269 1791 1270 1842; x_wconf 77' lang='grc' dir='ltr'>ξ</span> 
     </span>
    </p>
   </div>
   <div class='ocr_carea' id='block_1_3' title="bbox 168 1860 1182 1946">
    <p class='ocr_par' dir='ltr' id='par_1_3' title="bbox 168 1860 1182 1946">
     <span class='ocr_line' id='line_1_19' title="bbox 168 1860 1182 1946; baseline 0.002 -20"><span class='ocrx_word' id='word_1_152' title='bbox 168 1861 292 1928; x_wconf 89' lang='lat' dir='ltr'><strong>inimici</strong></span> <span class='ocrx_word' id='word_1_153' title='bbox 309 1882 375 1926; x_wconf 90' lang='lat' dir='ltr'><strong>non</strong></span> <span class='ocrx_word' id='word_1_154' title='bbox 394 1865 483 1945; x_wconf 86' lang='lat' dir='ltr'><strong>sunt;</strong></span> <span class='ocrx_word' id='word_1_155' title='bbox 501 1861 670 1927; x_wconf 88' lang='lat' dir='ltr'><strong>credamus</strong></span> <span class='ocrx_word' id='word_1_156' title='bbox 688 1861 841 1946; x_wconf 83' lang='lat' dir='ltr'><strong>testibus3</strong></span> <span class='ocrx_word' id='word_1_157' title='bbox 864 1864 935 1927; x_wconf 91' lang='lat' dir='ltr'><strong>tum</strong></span> <span class='ocrx_word' id='word_1_158' title='bbox 954 1860 1041 1927; x_wconf 89' lang='lat' dir='ltr'><strong>enim</strong></span> <span class='ocrx_word' id='word_1_159' title='bbox 1060 1863 1182 1928; x_wconf 84' lang='lat' dir='ltr'><strong>honori</strong></span> 
     </span>
    </p>
   </div>
   <div class='ocr_carea' id='block_1_4' title="bbox 115 1947 1270 2384">
    <p class='ocr_par' dir='ltr' id='par_1_4' title="bbox 168 1947 1270 2300">
     <span class='ocr_line' id='line_1_20' title="bbox 168 1947 1181 2036; baseline 0.003 -23"><span class='ocrx_word' id='word_1_160' title='bbox 168 1953 240 2034; x_wconf 88' lang='lat' dir='ltr'><strong>tuo,</strong></span> <span class='ocrx_word' id='word_1_161' title='bbox 265 1971 352 2015; x_wconf 91' lang='lat' dir='ltr'><strong>nune</strong></span> <span class='ocrx_word' id='word_1_162' title='bbox 377 1949 445 2014; x_wconf 90' lang='lat' dir='ltr'><strong>iam</strong></span> <span class='ocrx_word' id='word_1_163' title='bbox 472 1950 625 2036; x_wconf 84' lang='lat' dir='ltr'><strong>religioni</strong></span> <span class='ocrx_word' id='word_1_164' title='bbox 651 1971 729 2014; x_wconf 88' lang='lat' dir='ltr'><strong>suae</strong></span> <span class='ocrx_word' id='word_1_165' title='bbox 756 1950 937 2016; x_wconf 85' lang='lat' dir='ltr'><strong>consulunt.</strong></span> <span class='ocrx_word' id='word_1_166' title='bbox 984 1947 1043 2014; x_wconf 84' lang='lat' dir='ltr'><strong>Sin</strong></span> <span class='ocrx_word' id='word_1_167' title='bbox 1068 1955 1181 2018; x_wconf 88' lang='lat' dir='ltr'><strong>autem</strong></span> 
     </span>
     <span class='ocr_line' id='line_1_21' title="bbox 168 2037 1270 2124; baseline 0.004 -22"><span class='ocrx_word' id='word_1_168' title='bbox 168 2043 258 2103; x_wconf 91' lang='lat' dir='ltr'><strong>metu</strong></span> <span class='ocrx_word' id='word_1_169' title='bbox 276 2037 381 2103; x_wconf 86' lang='lat' dir='ltr'><strong>coacti</strong></span> <span class='ocrx_word' id='word_1_170' title='bbox 399 2037 563 2123; x_wconf 88' lang='lat' dir='ltr'><strong>dederunt,</strong></span> <span class='ocrx_word' id='word_1_171' title='bbox 585 2038 759 2104; x_wconf 84' lang='lat' dir='ltr'><strong>confiteare</strong></span> <span class='ocrx_word' id='word_1_172' title='bbox 776 2059 908 2104; x_wconf 90' lang='lat' dir='ltr'><strong>necesse</strong></span> <span class='ocrx_word' id='word_1_173' title='bbox 926 2041 978 2104; x_wconf 90' lang='lat' dir='ltr'><strong>est</strong></span> <span class='ocrx_word' id='word_1_174' title='bbox 995 2042 1029 2103; x_wconf 85' lang='lat' dir='ltr'><strong>ts</strong></span> <span class='ocrx_word' id='word_1_175' title='bbox 1047 2038 1084 2104; x_wconf 88' lang='lat' dir='ltr'><strong>in</strong></span> <span class='ocrx_word' id='word_1_176' title='bbox 1107 2062 1181 2124; x_wconf 88' lang='lat' dir='ltr'><strong>pro·</strong></span> <span class='ocrx_word' id='word_1_177' title='bbox 1193 2065 1216 2106; x_wconf 82' lang='lat' dir='ltr'><strong>se</strong></span> <span class='ocrx_word' id='word_1_178' title='bbox 1269 2045 1270 2052; x_wconf 77' lang='grc'>’</span> 
     </span>
     <span class='ocr_line' id='line_1_22' title="bbox 168 2125 1180 2211; baseline 0.003 -22"><span class='ocrx_word' id='word_1_179' title='bbox 168 2125 275 2190; x_wconf 87' lang='lat' dir='ltr'><strong>vincia</strong></span> <span class='ocrx_word' id='word_1_180' title='bbox 292 2125 445 2210; x_wconf 85' lang='lat' dir='ltr'><strong>pecunias</strong></span> <span class='ocrx_word' id='word_1_181' title='bbox 463 2129 648 2191; x_wconf 89' lang='lat' dir='ltr'><strong>statuarum</strong></span> <span class='ocrx_word' id='word_1_182' title='bbox 665 2126 798 2191; x_wconf 91' lang='lat' dir='ltr'><strong>nomine</strong></span> <span class='ocrx_word' id='word_1_183' title='bbox 820 2147 879 2211; x_wconf 88' lang='lat' dir='ltr'><strong>per</strong></span> <span class='ocrx_word' id='word_1_184' title='bbox 901 2127 968 2192; x_wconf 90' lang='lat' dir='ltr'><strong>vim</strong></span> <span class='ocrx_word' id='word_1_185' title='bbox 991 2147 1029 2192; x_wconf 86' lang='lat' dir='ltr'><strong>ae</strong></span> <span class='ocrx_word' id='word_1_186' title='bbox 1053 2133 1180 2194; x_wconf 88' lang='lat' dir='ltr'><strong>metum</strong></span> 
     </span>
     <span class='ocr_line' id='line_1_23' title="bbox 169 2212 999 2300; baseline 0.002 -22"><span class='ocrx_word' id='word_1_187' title='bbox 169 2213 321 2299; x_wconf 64' lang='lat' dir='ltr'><strong>coegisse.</strong></span> <span class='ocrx_word' id='word_1_188' title='bbox 362 2212 482 2279; x_wconf 89' lang='lat' dir='ltr'><strong>Utrum</strong></span> <span class='ocrx_word' id='word_1_189' title='bbox 505 2215 568 2279; x_wconf 89' lang='lat' dir='ltr'><strong>tibi</strong></span> <span class='ocrx_word' id='word_1_190' title='bbox 590 2215 795 2280; x_wconf 89' lang='lat' dir='ltr'><strong>commodum</strong></span> <span class='ocrx_word' id='word_1_191' title='bbox 818 2219 882 2300; x_wconf 87' lang='lat' dir='ltr'><strong>est,</strong></span> <span class='ocrx_word' id='word_1_192' title='bbox 904 2215 999 2300; x_wconf 84' lang='lat' dir='ltr'><strong>elige.</strong></span> 
     </span>
    </p>

    <p class='ocr_par' dir='ltr' id='par_1_5' title="bbox 115 2279 1180 2384">
     <span class='ocr_line' id='line_1_24' title="bbox 115 2279 1180 2384; baseline 0.005 -20"><span class='ocrx_word' id='word_1_193' title='bbox 115 2279 158 2344; x_wconf 72' lang='grc'><strong>62</strong></span> <span class='ocrx_word' id='word_1_194' title='bbox 235 2300 394 2384; x_wconf 83' lang='lat' dir='ltr'><strong>Equidem</strong></span> <span class='ocrx_word' id='word_1_195' title='bbox 414 2301 553 2367; x_wconf 88' lang='lat' dir='ltr'><strong>libenter</strong></span> <span class='ocrx_word' id='word_1_196' title='bbox 570 2303 633 2368; x_wconf 92' lang='lat' dir='ltr'><strong>hoc</strong></span> <span class='ocrx_word' id='word_1_197' title='bbox 650 2303 716 2368; x_wconf 92' lang='lat' dir='ltr'><strong>iam</strong></span> <span class='ocrx_word' id='word_1_198' title='bbox 735 2301 858 2368; x_wconf 90' lang='lat' dir='ltr'><strong>crimen</strong></span> <span class='ocrx_word' id='word_1_199' title='bbox 876 2303 915 2367; x_wconf 89' lang='lat' dir='ltr'><strong>ds</strong></span> <span class='ocrx_word' id='word_1_200' title='bbox 939 2303 1060 2368; x_wconf 82' lang='lat' dir='ltr'><strong>statuis</strong></span> <span class='ocrx_word' id='word_1_201' title='bbox 1083 2305 1180 2369; x_wconf 88' lang='lat' dir='ltr'><strong>relin-</strong></span> 
     </span>
    </p>
   </div>
   <div class='ocr_carea' id='block_1_5' title="bbox 115 2358 1180 2475">
    <p class='ocr_par' dir='ltr' id='par_1_6' title="bbox 115 2358 1180 2475">
     <span class='ocr_line' id='line_1_25' title="bbox 115 2358 1180 2475; baseline 0.007 -24"><span class='ocrx_word' id='word_1_202' title='bbox 115 2358 279 2472; x_wconf 78' lang='lat' dir='ltr'><strong>15¹quam,</strong></span> <span class='ocrx_word' id='word_1_203' title='bbox 311 2391 349 2454; x_wconf 90' lang='lat' dir='ltr'><strong>ut</strong></span> <span class='ocrx_word' id='word_1_204' title='bbox 379 2389 461 2454; x_wconf 92' lang='lat' dir='ltr'><strong>mihi</strong></span> <span class='ocrx_word' id='word_1_205' title='bbox 493 2393 530 2456; x_wconf 91' lang='lat' dir='ltr'><strong>tu</strong></span> <span class='ocrx_word' id='word_1_206' title='bbox 562 2390 643 2455; x_wconf 90' lang='lat' dir='ltr'><strong>illud</strong></span> <span class='ocrx_word' id='word_1_207' title='bbox 676 2391 845 2475; x_wconf 87' lang='lat' dir='ltr'><strong>concedas,</strong></span> <span class='ocrx_word' id='word_1_208' title='bbox 877 2390 964 2474; x_wconf 89' lang='lat' dir='ltr'><strong>quod</strong></span> <span class='ocrx_word' id='word_1_209' title='bbox 990 2391 1054 2456; x_wconf 90' lang='lat' dir='ltr'><strong>tibi</strong></span> <span class='ocrx_word' id='word_1_210' title='bbox 1082 2391 1180 2458; x_wconf 81' lang='lat' dir='ltr'><strong>hone-</strong></span> 
     </span>
    </p>
   </div>
   <div class='ocr_carea' id='block_1_6' title="bbox 114 2475 1217 3624">
    <p class='ocr_par' dir='ltr' id='par_1_7' title="bbox 114 2475 1217 3624">
     <span class='ocr_line' id='line_1_26' title="bbox 168 2475 1215 2562; baseline 0.009 -23"><span class='ocrx_word' id='word_1_211' title='bbox 168 2475 350 2542; x_wconf 84' lang='lat' dir='ltr'><strong>stissimum</strong></span> <span class='ocrx_word' id='word_1_212' title='bbox 379 2481 442 2562; x_wconf 88' lang='lat' dir='ltr'><strong>est,</strong></span> <span class='ocrx_word' id='word_1_213' title='bbox 469 2482 616 2544; x_wconf 86' lang='lat' dir='ltr'><strong>aratores</strong></span> <span class='ocrx_word' id='word_1_214' title='bbox 643 2478 705 2543; x_wconf 91' lang='lat' dir='ltr'><strong>tibi</strong></span> <span class='ocrx_word' id='word_1_215' title='bbox 733 2477 774 2544; x_wconf 91' lang='lat' dir='ltr'><strong>ad</strong></span> <span class='ocrx_word' id='word_1_216' title='bbox 801 2483 945 2546; x_wconf 84' lang='lat' dir='ltr'><strong>statuam</strong></span> <span class='ocrx_word' id='word_1_217' title='bbox 970 2479 1108 2546; x_wconf 85' lang='lat' dir='ltr'><strong>honoris</strong></span> <span class='ocrx_word' id='word_1_218' title='bbox 1130 2481 1179 2546; x_wconf 88' lang='lat' dir='ltr'><strong>tui</strong></span> <span class='ocrx_word' id='word_1_219' title='bbox 1192 2505 1215 2548; x_wconf 76' lang='lat' dir='ltr'><strong>a</strong></span> 
     </span>
     <span class='ocr_line' id='line_1_27' title="bbox 168 2565 1180 2655; baseline 0.005 -25"><span class='ocrx_word' id='word_1_220' title='bbox 168 2587 266 2630; x_wconf 89' lang='lat' dir='ltr'><strong>eausa</strong></span> <span class='ocrx_word' id='word_1_221' title='bbox 296 2565 466 2631; x_wconf 84' lang='lat' dir='ltr'><strong>voluntate</strong></span> <span class='ocrx_word' id='word_1_222' title='bbox 493 2587 553 2632; x_wconf 86' lang='lat' dir='ltr'><strong>sua</strong></span> <span class='ocrx_word' id='word_1_223' title='bbox 579 2566 764 2633; x_wconf 88' lang='lat' dir='ltr'><strong>contulisse.</strong></span> <span class='ocrx_word' id='word_1_224' title='bbox 814 2566 867 2631; x_wconf 89' lang='lat' dir='ltr'><strong>Da</strong></span> <span class='ocrx_word' id='word_1_225' title='bbox 894 2566 976 2632; x_wconf 91' lang='lat' dir='ltr'><strong>mihi</strong></span> <span class='ocrx_word' id='word_1_226' title='bbox 1002 2567 1080 2655; x_wconf 82' lang='lat' dir='ltr'><strong>hoc;</strong></span> <span class='ocrx_word' id='word_1_227' title='bbox 1112 2569 1180 2635; x_wconf 88' lang='lat' dir='ltr'><strong>iam</strong></span> 
     </span>
     <span class='ocr_line' id='line_1_28' title="bbox 167 2652 1181 2740; baseline 0.007 -24"><span class='ocrx_word' id='word_1_228' title='bbox 167 2652 229 2717; x_wconf 87' lang='lat' dir='ltr'><strong>tibi</strong></span> <span class='ocrx_word' id='word_1_229' title='bbox 265 2654 441 2718; x_wconf 84' lang='lat' dir='ltr'><strong>maximam</strong></span> <span class='ocrx_word' id='word_1_230' title='bbox 476 2658 604 2739; x_wconf 87' lang='lat' dir='ltr'><strong>partem</strong></span> <span class='ocrx_word' id='word_1_231' title='bbox 637 2654 832 2720; x_wconf 89' lang='lat' dir='ltr'><strong>defensionis</strong></span> <span class='ocrx_word' id='word_1_232' title='bbox 864 2655 1076 2740; x_wconf 58' lang='lat' dir='ltr'><strong>praeciderim</strong></span> <span class='ocrx_word' id='word_1_233' title='bbox 1113 2679 1181 2723; x_wconf 89' lang='lat' dir='ltr'><strong>nou</strong></span> 
     </span>
     <span class='ocr_line' id='line_1_29' title="bbox 168 2741 1180 2828; baseline 0.005 -23"><span class='ocrx_word' id='word_1_234' title='bbox 168 2741 253 2806; x_wconf 90' lang='lat' dir='ltr'><strong>enim</strong></span> <span class='ocrx_word' id='word_1_235' title='bbox 280 2742 403 2827; x_wconf 88' lang='lat' dir='ltr'><strong>poteris</strong></span> <span class='ocrx_word' id='word_1_236' title='bbox 432 2745 577 2808; x_wconf 89' lang='lat' dir='ltr'><strong>aratores</strong></span> <span class='ocrx_word' id='word_1_237' title='bbox 600 2743 662 2807; x_wconf 89' lang='lat' dir='ltr'><strong>tibi</strong></span> <span class='ocrx_word' id='word_1_238' title='bbox 683 2743 787 2808; x_wconf 87' lang='lat' dir='ltr'><strong>iratos</strong></span> <span class='ocrx_word' id='word_1_239' title='bbox 811 2765 881 2808; x_wconf 88' lang='lat' dir='ltr'><strong>esse</strong></span> <span class='ocrx_word' id='word_1_240' title='bbox 905 2747 1003 2828; x_wconf 86' lang='lat' dir='ltr'><strong>atque</strong></span> <span class='ocrx_word' id='word_1_241' title='bbox 1026 2743 1180 2812; x_wconf 89' lang='lat' dir='ltr'><strong>inimicos</strong></span> 
     </span>
     <span class='ocr_line' id='line_1_30' title="bbox 167 2828 1181 2916; baseline 0.005 -22"><span class='ocrx_word' id='word_1_242' title='bbox 167 2830 281 2895; x_wconf 88' lang='lat' dir='ltr'><strong>dicere.</strong></span> <span class='ocrx_word' id='word_1_243' title='bbox 313 2828 340 2894; x_wconf 91' lang='grc' dir='ltr'><strong>Ο</strong></span> <span class='ocrx_word' id='word_1_244' title='bbox 359 2851 490 2894; x_wconf 85' lang='lat' dir='ltr'><strong>causam</strong></span> <span class='ocrx_word' id='word_1_245' title='bbox 509 2831 722 2916; x_wconf 83' lang='lat' dir='ltr'><strong>singulareml</strong></span> <span class='ocrx_word' id='word_1_246' title='bbox 745 2853 765 2896; x_wconf 93' lang='grc'><strong>0</strong></span> <span class='ocrx_word' id='word_1_247' title='bbox 784 2831 1003 2897; x_wconf 89' lang='lat' dir='ltr'><strong>defensionem</strong></span> <span class='ocrx_word' id='word_1_248' title='bbox 1022 2833 1181 2899; x_wconf 80' lang='lat' dir='ltr'><strong>miserem</strong></span> 
     </span>
     <span class='ocr_line' id='line_1_31' title="bbox 167 2917 1217 3008; baseline 0.006 -25"><span class='ocrx_word' id='word_1_249' title='bbox 167 2941 204 2983; x_wconf 89' lang='lat' dir='ltr'><strong>ac</strong></span> <span class='ocrx_word' id='word_1_250' title='bbox 227 2917 403 3003; x_wconf 84' lang='lat' dir='ltr'><strong>perditam!</strong></span> <span class='ocrx_word' id='word_1_251' title='bbox 433 2918 522 2984; x_wconf 91' lang='lat' dir='ltr'><strong>nolle</strong></span> <span class='ocrx_word' id='word_1_252' title='bbox 545 2919 607 2984; x_wconf 92' lang='lat' dir='ltr'><strong>hoc</strong></span> <span class='ocrx_word' id='word_1_253' title='bbox 630 2920 774 3004; x_wconf 87' lang='lat' dir='ltr'><strong>accipere</strong></span> <span class='ocrx_word' id='word_1_254' title='bbox 797 2941 888 2984; x_wconf 89' lang='lat' dir='ltr'><strong>reum</strong></span> <span class='ocrx_word' id='word_1_255' title='bbox 912 2920 955 2984; x_wconf 89' lang='lat' dir='ltr'><strong>ab</strong></span> <span class='ocrx_word' id='word_1_256' title='bbox 979 2927 1217 3008; x_wconf 67' lang='lat' dir='ltr'><strong>accusatorem</strong></span> 
     </span>
     <span class='ocr_line' id='line_1_32' title="bbox 167 3005 1180 3093; baseline 0.006 -23"><span class='ocrx_word' id='word_1_257' title='bbox 167 3010 200 3070; x_wconf 91' lang='lat' dir='ltr'><strong>et</strong></span> <span class='ocrx_word' id='word_1_258' title='bbox 228 3027 302 3071; x_wconf 89' lang='lat' dir='ltr'><strong>eum</strong></span> <span class='ocrx_word' id='word_1_259' title='bbox 329 3027 433 3090; x_wconf 90' lang='lat' dir='ltr'><strong>reum,</strong></span> <span class='ocrx_word' id='word_1_260' title='bbox 461 3006 516 3090; x_wconf 89' lang='lat' dir='ltr'><strong>qui</strong></span> <span class='ocrx_word' id='word_1_261' title='bbox 543 3011 675 3092; x_wconf 88' lang='lat' dir='ltr'><strong>praetor</strong></span> <span class='ocrx_word' id='word_1_262' title='bbox 698 3007 734 3072; x_wconf 95' lang='lat' dir='ltr'><strong>in</strong></span> <span class='ocrx_word' id='word_1_263' title='bbox 756 3005 867 3073; x_wconf 80' lang='lat' dir='ltr'><strong>Sicilia</strong></span> <span class='ocrx_word' id='word_1_264' title='bbox 888 3007 1001 3093; x_wconf 82' lang='lat' dir='ltr'><strong>fuerit,</strong></span> <span class='ocrx_word' id='word_1_265' title='bbox 1029 3015 1180 3076; x_wconf 88' lang='lat' dir='ltr'><strong>aratores</strong></span> 
     </span>
     <span class='ocr_line' id='line_1_33' title="bbox 166 3093 1180 3180; baseline 0.007 -22"><span class='ocrx_word' id='word_1_266' title='bbox 166 3093 196 3158; x_wconf 91' lang='lat' dir='ltr'><strong>ei</strong></span> <span class='ocrx_word' id='word_1_267' title='bbox 228 3097 372 3159; x_wconf 87' lang='lat' dir='ltr'><strong>statuam</strong></span> <span class='ocrx_word' id='word_1_268' title='bbox 405 3115 464 3160; x_wconf 87' lang='lat' dir='ltr'><strong>sua</strong></span> <span class='ocrx_word' id='word_1_269' title='bbox 495 3096 665 3160; x_wconf 84' lang='lat' dir='ltr'><strong>voluntate</strong></span> <span class='ocrx_word' id='word_1_270' title='bbox 697 3095 864 3180; x_wconf 79' lang='lat' dir='ltr'><strong>statuisse,</strong></span> <span class='ocrx_word' id='word_1_271' title='bbox 896 3099 1043 3162; x_wconf 88' lang='lat' dir='ltr'><strong>aratores</strong></span> <span class='ocrx_word' id='word_1_272' title='bbox 1071 3098 1113 3162; x_wconf 91' lang='lat' dir='ltr'><strong>de</strong></span> <span class='ocrx_word' id='word_1_273' title='bbox 1142 3121 1180 3165; x_wconf 86' lang='lat' dir='ltr'><strong>eo</strong></span> 
     </span>
     <span class='ocr_line' id='line_1_34' title="bbox 165 3182 1180 3271; baseline 0.007 -26"><span class='ocrx_word' id='word_1_274' title='bbox 165 3182 248 3246; x_wconf 89' lang='lat' dir='ltr'><strong>bene</strong></span> <span class='ocrx_word' id='word_1_275' title='bbox 275 3182 475 3267; x_wconf 85' lang='lat' dir='ltr'><strong>existimare,</strong></span> <span class='ocrx_word' id='word_1_276' title='bbox 502 3183 623 3249; x_wconf 90' lang='lat' dir='ltr'><strong>amicos</strong></span> <span class='ocrx_word' id='word_1_277' title='bbox 652 3204 735 3268; x_wconf 89' lang='lat' dir='ltr'><strong>esse,</strong></span> <span class='ocrx_word' id='word_1_278' title='bbox 763 3184 890 3250; x_wconf 84' lang='lat' dir='ltr'><strong>salvum</strong></span> <span class='ocrx_word' id='word_1_279' title='bbox 918 3187 1016 3266; x_wconf 88' lang='lat' dir='ltr'><strong>[esse]</strong></span> <span class='ocrx_word' id='word_1_280' title='bbox 1045 3189 1180 3271; x_wconf 81' lang='lat' dir='ltr'><strong>cupere!</strong></span> 
     </span>
     <span class='ocr_line' id='line_1_35' title="bbox 165 3268 1180 3356; baseline 0.009 -24"><span class='ocrx_word' id='word_1_281' title='bbox 165 3268 296 3353; x_wconf 91' lang='lat' dir='ltr'><strong>Metuit,</strong></span> <span class='ocrx_word' id='word_1_282' title='bbox 323 3290 364 3333; x_wconf 89' lang='lat' dir='ltr'><strong>ne</strong></span> <span class='ocrx_word' id='word_1_283' title='bbox 387 3271 448 3335; x_wconf 91' lang='lat' dir='ltr'><strong>hoc</strong></span> <span class='ocrx_word' id='word_1_284' title='bbox 471 3292 530 3336; x_wconf 88' lang='lat' dir='ltr'><strong>vos</strong></span> <span class='ocrx_word' id='word_1_285' title='bbox 554 3271 759 3356; x_wconf 81' lang='lat' dir='ltr'><strong>existimetis3</strong></span> <span class='ocrx_word' id='word_1_286' title='bbox 787 3272 936 3337; x_wconf 88' lang='lat' dir='ltr'><strong>obruitur</strong></span> <span class='ocrx_word' id='word_1_287' title='bbox 959 3273 1047 3338; x_wconf 88' lang='lat' dir='ltr'><strong>enim</strong></span> <span class='ocrx_word' id='word_1_288' title='bbox 1071 3278 1180 3341; x_wconf 89' lang='lat' dir='ltr'><strong>arato·</strong></span> 
     </span>
     <span class='ocr_line' id='line_1_36' title="bbox 114 3355 1217 3444; baseline 0.016 -33"><span class='ocrx_word' id='word_1_289' title='bbox 114 3363 164 3411; x_wconf 71' lang='grc'><strong>150</strong></span> <span class='ocrx_word' id='word_1_290' title='bbox 183 3376 255 3418; x_wconf 87' lang='lat' dir='ltr'><strong>rum</strong></span> <span class='ocrx_word' id='word_1_291' title='bbox 287 3357 493 3421; x_wconf 86' lang='lat' dir='ltr'><strong>testimoniis.</strong></span> <span class='ocrx_word' id='word_1_292' title='bbox 538 3355 623 3423; x_wconf 90' lang='lat' dir='ltr'><strong>Utar</strong></span> <span class='ocrx_word' id='word_1_293' title='bbox 653 3381 704 3444; x_wconf 90' lang='lat' dir='ltr'><strong>eo,</strong></span> <span class='ocrx_word' id='word_1_294' title='bbox 736 3360 823 3443; x_wconf 85' lang='lat' dir='ltr'><strong>quod</strong></span> <span class='ocrx_word' id='word_1_295' title='bbox 845 3361 950 3426; x_wconf 89' lang='lat' dir='ltr'><strong>datur.</strong></span> <span class='ocrx_word' id='word_1_296' title='bbox 995 3359 1093 3428; x_wconf 87' lang='lat' dir='ltr'><strong>Certe</strong></span> <span class='ocrx_word' id='word_1_297' title='bbox 1117 3363 1217 3430; x_wconf 81' lang='lat' dir='ltr'><strong>hocas</strong></span> 
     </span>
     <span class='ocr_line' id='line_1_37' title="bbox 165 3440 1181 3531; baseline 0.015 -30"><span class='ocrx_word' id='word_1_298' title='bbox 165 3440 257 3503; x_wconf 85' lang='lat' dir='ltr'><strong>vobis</strong></span> <span class='ocrx_word' id='word_1_299' title='bbox 287 3442 336 3505; x_wconf 89' lang='lat' dir='ltr'><strong>ita</strong></span> <span class='ocrx_word' id='word_1_300' title='bbox 363 3443 568 3508; x_wconf 87' lang='lat' dir='ltr'><strong>iudicandum</strong></span> <span class='ocrx_word' id='word_1_301' title='bbox 596 3450 659 3529; x_wconf 84' lang='lat' dir='ltr'><strong>est,</strong></span> <span class='ocrx_word' id='word_1_302' title='bbox 691 3468 760 3531; x_wconf 90' lang='lat' dir='ltr'><strong>eos,</strong></span> <span class='ocrx_word' id='word_1_303' title='bbox 792 3448 848 3531; x_wconf 93' lang='lat' dir='ltr'><strong>qui</strong></span> <span class='ocrx_word' id='word_1_304' title='bbox 875 3448 932 3513; x_wconf 93' lang='lat' dir='ltr'><strong>isti</strong></span> <span class='ocrx_word' id='word_1_305' title='bbox 958 3447 1181 3517; x_wconf 90' lang='lat' dir='ltr'><strong>inimicissimi</strong></span> 
     </span>
     <span class='ocr_line' id='line_1_38' title="bbox 165 3527 1180 3624; baseline 0.021 -39"><span class='ocrx_word' id='word_1_306' title='bbox 165 3528 250 3607; x_wconf 89' lang='lat' dir='ltr'><strong>sunt,</strong></span> <span class='ocrx_word' id='word_1_307' title='bbox 272 3530 311 3589; x_wconf 85' lang='lat' dir='ltr'><strong>ut</strong></span> <span class='ocrx_word' id='word_1_308' title='bbox 331 3527 402 3612; x_wconf 89' lang='lat' dir='ltr'><strong>ipse</strong></span> <span class='ocrx_word' id='word_1_309' title='bbox 426 3531 605 3596; x_wconf 83' lang='lat' dir='ltr'><strong>existimari</strong></span> <span class='ocrx_word' id='word_1_310' title='bbox 628 3533 707 3617; x_wconf 84' lang='lat' dir='ltr'><strong>vult,</strong></span> <span class='ocrx_word' id='word_1_311' title='bbox 730 3534 888 3602; x_wconf 85' lang='lat' dir='ltr'><strong>edistius</strong></span> <span class='ocrx_word' id='word_1_312' title='bbox 911 3536 1053 3602; x_wconf 90' lang='lat' dir='ltr'><strong>honores</strong></span> <span class='ocrx_word' id='word_1_313' title='bbox 1077 3541 1180 3624; x_wconf 86' lang='lat' dir='ltr'><strong>atque</strong></span> 
     </span>
    </p>
   </div>
   <div class='ocr_carea' id='block_1_7' title="bbox 0 0 1284 3884">
    <p class='ocr_par' dir='ltr' id='par_1_8' title="bbox 0 0 1284 3884">
     <span class='ocr_line' id='line_1_39' title="bbox 0 0 1284 3884; baseline 0 2"><span class='ocrx_word' id='word_1_314' title='bbox 0 0 1284 3884; x_wconf 95' lang='lat' dir='ltr'><strong> </strong></span> 
     </span>
    </p>
   </div>
  </div>
 </body>
</html>
