2576 3882
322 165 388 222 ΜΒ.
408 167 435 221 11
467 167 544 224 cnP.
564 174 669 224 43-45
688 175 703 235 s
725 148 871 225 ror-112.
964 179 967 182 ·
1036 170 1102 235 239

95 311 181 400 quod
208 313 237 378 is
264 333 331 378 non
359 312 476 377 absens
503 333 578 377 reus
603 312 710 377 faetus
736 316 836 397 esset,
863 335 945 398 quae
968 335 1020 380 res
1042 315 1102 380 ini·

95 401 251 488 quissima
283 404 380 485 atque
408 401 617 466 acerbissima
644 403 706 485 est,
739 400 795 466 sed
821 424 894 467 oum
922 403 952 468 ei
978 403 1101 490 legatio

7 495 9 568 Q
93 491 160 557 iam
192 490 332 556 Romam
364 511 385 554 a
416 489 482 554 suis
515 489 638 555 civibus
671 493 757 554 esset
783 488 882 555 data?
932 491 1025 568 Quod
1051 492 1103 556 illi

7 583 9 664 j
94 580 215 646 iudices
242 578 348 644 multo
374 577 410 642 in
431 577 552 643 leviore
575 599 674 644 causa
695 582 880 644 statuerunt
904 581 1102 664 aequitatem

7 673 9 740 J
66 686 79 728 ⁵
95 668 207 752 secuti,
224 689 284 733 ros
301 665 336 733 id
354 669 498 732 statuere
515 666 551 731 in
570 667 764 753 gravissima
781 689 888 752 causa,
908 669 1102 753 praesertim

7 757 9 842 j
96 757 234 823 aliorum
257 755 453 822 auctoritate
476 755 542 820 iam
565 755 805 840 confirmatum,
829 755 1044 822 dubitabitis?

161 844 208 910 At
230 866 326 930 quem
348 843 527 928 hominem,
550 841 584 909 O.
598 842 730 928 Verres,
753 847 848 909 tanta
870 848 938 909 tam
961 845 1083 931 insigni
1104 815 1155 942 ἐξ

7 943 9 1018 j
94 933 213 999 iniuria
236 931 399 998 affecisti?
426 952 522 1016 quem
543 931 708 997 hominem
732 928 900 998 absentem
919 933 957 997 de
980 933 1101 998 litteris

7 1033 8 1096 j
95 1022 257 1108 corruptis
275 1043 373 1087 causa
389 1020 558 1107 incognita
578 1021 821 1087 condemnasti?
844 1022 934 1086 cuius
957 1022 1102 1087 absentis

7 1121 9 1192 j
53 1129 80 1170 ro
94 1132 215 1176 nomen
236 1109 409 1196 recepisti?
434 1131 529 1194 quem
552 1110 721 1175 absentem
742 1131 809 1175 non
831 1109 927 1175 modo
951 1111 1020 1175 sine
1043 1111 1102 1176 cri·

7 1209 8 1218 ’
95 1199 182 1264 mine
201 1201 234 1264 et
252 1199 321 1263 sine
339 1200 433 1282 teste,
456 1198 688 1264 verumetiam
711 1198 780 1263 sine
804 1202 991 1263 accusatore
1015 1199 1102 1264 dam·

7 1281 8 1306 ³
94 1287 206 1352 nesti?
251 1285 353 1363 Quem
379 1286 566 1353 hominem?
600 1286 634 1351 di
659 1286 876 1352 immortales!
907 1309 974 1352 non
997 1287 1102 1353 dicam

7 1455 8 1464 ἵ
95 1376 235 1441 amicum
261 1380 368 1461 tuum,
396 1375 482 1460 quod
509 1375 595 1458 apud
621 1374 769 1440 homines
797 1375 1015 1442 clarissimum
1043 1379 1103 1460 est,

7 1477 8 1540 ζ
92 1486 160 1530 non
195 1464 374 1549 hospitem,
410 1463 496 1548 quod
528 1462 768 1529 sanctissimum
800 1469 864 1548 est3
900 1464 983 1528 nihil
1017 1465 1102 1530 enim

7 1547 8 1552 ’
51 1571 79 1613 rs
94 1553 201 1619 minus
219 1552 359 1618 libenter
378 1551 416 1616 de
440 1548 574 1617 Sthenio
598 1573 826 1637 commemoro,
847 1551 932 1617 nihil
956 1553 1044 1618 aliud
1067 1553 1102 1617 in

7 1715 8 1722 ἵ
96 1663 149 1726 eo,
176 1641 261 1726 quod
284 1639 476 1726 reprehendi
498 1639 616 1724 possit,
638 1639 781 1724 invenio,
804 1639 869 1704 nisi
892 1641 978 1725 quod
1001 1641 1101 1705 homo

92 1729 336 1815 frugalissimus
356 1732 453 1814 atque
470 1727 698 1812 integerrimus
716 1732 759 1812 te,
785 1727 950 1793 hominem
969 1730 1101 1813 plenum

7 1893 8 1902 χ
95 1819 214 1904 stupri,
241 1817 373 1904 flagitii,
400 1816 543 1899 sceleris,
571 1815 701 1880 domum
726 1837 818 1880 suam
840 1816 1006 1900 invitavit,
1037 1816 1102 1881 nisi

7 1921 9 1930 ’
96 1905 192 1991 quod,
210 1907 265 1992 qui
279 1905 416 1989 O.Mari,
433 1903 489 1970 On.
502 1904 646 1989 Pompei,
666 1902 699 1968 O.
713 1903 870 1987 Marcelli,
887 1902 923 1968 L.
937 1901 1102 1987 Sisennae,

7 2013 9 2078 j
51 2014 81 2055 ao
94 1994 147 2059 tui
160 1993 346 2079 defensoris,
364 1997 544 2060 ceterorum
558 1993 701 2058 virorum
714 1991 968 2057 fortissimorum
982 1992 1101 2077 hospes

7 2101 9 2108 ’
95 2082 211 2148 fuisset
238 2087 335 2169 atque
363 2085 462 2166 esset,
490 2081 531 2146 ad
558 2104 631 2146 eum
652 2101 823 2144 numerum
846 2079 1102 2146 clarissimorum

7 2249 8 2258 ἵ
94 2171 265 2236 hominum
292 2175 384 2236 tuum
412 2191 538 2254 quoque
565 2190 683 2234 nomen
710 2167 869 2252 ascripsit.
915 2167 1021 2244 Quare
1046 2169 1154 2234 dem

7 2281 8 2286 ¹
94 2260 240 2347 hospitio
268 2259 392 2325 violato
420 2262 453 2323 et
480 2259 519 2323 de
546 2260 603 2323 tuo
630 2257 694 2322 isto
723 2258 842 2322 s'celere
870 2257 994 2322 nefario
1019 2257 1102 2322 nihil

7 2365 8 2430 j
96 2369 227 2434 queror;
254 2349 317 2414 hoc
344 2347 414 2422 dico
439 2367 506 2411 non
526 2345 580 2430 iis,
608 2346 664 2429 qui
687 2342 857 2410 Sthenium
878 2349 1014 2431 norunt,
1041 2346 1104 2412 hoc

7 2453 8 2522 j
50 2437 290 2504 assenserint
314 2456 439 2518 eorum,
462 2435 517 2518 qui
538 2435 574 2499 in
596 2431 706 2499 Sicilia
728 2433 860 2498 fuerunt
883 2429 993 2522 (nemo
1018 2435 1103 2499 enim

7 2527 8 2532 ’
95 2525 242 2612 ignorat,
268 2546 332 2609 quo
354 2524 407 2589 hio
429 2522 464 2587 in
487 2521 618 2588 civitate
642 2544 700 2587 sua
723 2523 907 2608 splendore,
931 2545 995 2607 qua
1018 2523 1103 2607 apud

7 2621 9 2642 ⁷
97 2633 210 2679 omnes
233 2610 358 2678 Siculos
382 2611 542 2697 dignitate
566 2614 663 2696 atque
686 2611 924 2676 existimatione
949 2611 1019 2696 sit);
1048 2612 1104 2676 sed

7 2695 9 2710 ''
95 2705 135 2766 ut
161 2701 212 2766 illi
239 2722 379 2785 quoque,
407 2699 463 2784 qui
489 2699 523 2764 in
548 2722 586 2764 ea
607 2699 776 2784 provincia
797 2721 864 2765 non
885 2698 1030 2782 fuerunt,
1057 2699 1104 2762 in-

96 2790 252 2876 tellegere
263 2789 400 2875 possint,
413 2789 448 2853 in
460 2810 523 2872 quo
535 2788 665 2853 homine
679 2790 741 2869 [tu]
755 2787 908 2854 statueris
920 2787 1103 2871 exemplum

7 2905 8 2962 j
51 2897 82 2938 3⁰
96 2879 193 2944 huius
222 2878 321 2960 modi,
349 2876 435 2960 quod
462 2897 534 2941 cum
558 2879 693 2963 propter
714 2877 921 2960 iniquitatem
942 2875 1005 2958 rei,
1032 2877 1103 2938 tum

7 2993 8 2996 ¹
97 2967 197 3033 etiam
224 2968 360 3052 propter
385 2963 527 3030 hominis
555 2964 750 3050 dignitatem
778 2964 929 3030 acerbum
952 2962 1101 3027 omnibus
1112 3013 1157 3077 46

7 3065 8 3090 ³
97 3059 196 3140 atque
214 3052 454 3120 intolerandum
472 3053 643 3118 rideietur.
679 3052 782 3117 Estne
802 3051 955 3118 Sthenius
973 3051 1011 3135 is,
1030 3051 1085 3135 qui
1106 3091 1156 3139 „2

96 3165 209 3209 omnes
226 3142 367 3209 honores
386 3141 473 3206 domi
492 3163 569 3206 suae
585 3140 741 3207 facillime
759 3163 832 3206 cum
851 3140 986 3222 adeptus
1008 3142 1101 3223 esset,

97 3231 298 3317 amplissimo
323 3252 361 3296 ac
383 3229 703 3316 magnificentissime
726 3229 842 3315 gessit,
870 3227 926 3312 qui
949 3227 1103 3312 oppidum

48 3336 82 3380 ³⁵
97 3341 165 3386 non
195 3320 371 3385 maximum
403 3318 551 3384 maximis
584 3340 623 3383 ex
654 3317 790 3401 pecunia
821 3339 881 3383 sua
911 3315 991 3381 locis
1019 3338 1103 3382 com-

96 3407 249 3475 munibus
277 3406 558 3491 monumentisque
584 3407 761 3489 decoravit,
793 3405 883 3471 cuius
911 3405 949 3470 de
977 3405 1103 3471 meritis

96 3497 133 3563 in
150 3518 220 3562 rem
237 3496 402 3582 publicam
420 3495 703 3561 Thermitanorum
723 3493 912 3579 Siculosque
934 3494 1101 3561 universos
