2558 3884
209 195 275 260 246
509 191 549 246 IN
568 191 597 247 C.
611 190 765 246 VERREM
783 190 862 247 ACT.
881 191 915 248 H.

210 344 243 406 et
265 338 410 424 pretiosa
433 335 631 403 auferuntur.
671 335 859 402 Herodotus
881 334 1004 402 Romae
1027 339 1111 421 erat3
1137 336 1217 402 satis

208 426 347 513 putabat
377 447 411 491 se
440 424 480 490 ad
507 425 641 490 comitia
667 429 814 510 tempore
841 427 1028 509 venturum,
1058 425 1088 489 si
1114 424 1217 510 pridie

209 515 361 582 venisset.
400 513 480 599 Iste,
507 535 548 578 ne
571 517 628 579 aut
651 512 715 579 alio
738 534 863 598 mense,
885 534 924 578 ac
945 512 997 578 fas
1020 517 1100 598 erat,
1123 513 1218 578 comi·

209 605 259 670 tia
284 603 483 668 haberentur
510 605 567 667 aut
589 600 758 667 Herodoto
785 600 951 686 praesenti
972 601 1077 667 honos
1101 601 1218 667 adime

210 697 300 758 retur
318 691 366 776 (id
384 691 470 776 quod
488 690 551 756 iste
573 712 640 756 non
662 689 844 774 laborabat,
866 688 1062 756 Climachias
1085 689 1240 754 minimee

209 776 367 868 volebat),
394 778 560 866 excogitat
587 776 669 864 (dixi
695 778 762 843 iam
788 777 922 862 dudum,
948 799 1015 844 non
1042 778 1217 843 esthemo

211 869 336 936 acutior
359 868 531 952 quisquam
552 888 611 932 nee
633 865 725 953 fuit),
753 865 930 953 excogitat,
954 865 1101 951 inquam,
1124 887 1218 950 quem

211 959 253 1024 ad
284 957 417 1024 modum
447 977 558 1021 mense
588 955 647 1020 illo
679 954 828 1040 legitimo
859 954 992 1021 comitia
1022 955 1218 1020 haberentur

160 1064 210 1114 rae
228 1069 287 1114 nec
309 1051 420 1112 tamen
437 1044 623 1110 Herodotus
644 1043 756 1108 adesse
779 1046 899 1126 posset.
935 1042 998 1108 Est
1020 1042 1217 1109 consuetudo

210 1135 393 1202 Siculorum
420 1135 664 1216 ceterorumque
692 1130 903 1216 Graecorum,
934 1131 1020 1216 quod
1048 1153 1124 1197 suos
1152 1131 1218 1195 dies
1231 1146 1251 1186 1⁰

211 1243 401 1306 mensesque
428 1241 605 1306 congruere
631 1220 748 1285 volunt
775 1241 848 1285 eum
875 1219 955 1284 solis
982 1221 1144 1304 lunaeque
1171 1241 1218 1284 ra·

210 1313 312 1395 tione,
340 1313 470 1374 utnon
494 1330 685 1393 numquam,
713 1308 742 1372 si
769 1307 846 1392 quid
874 1308 1049 1394 discrepet,
1077 1309 1218 1374 eximant

210 1421 311 1464 unum
339 1397 481 1480 aliquem
507 1396 592 1462 diem
616 1400 674 1462 aut
697 1417 859 1461 summum
881 1396 1015 1461 biduum
1040 1419 1078 1462 ex
1102 1417 1218 1479 mense,

211 1508 292 1571 quos
310 1486 362 1551 illi
381 1484 620 1550 exhaeresimca
638 1484 707 1550 dies
729 1484 915 1568 nominant3
938 1485 1017 1549 item
1040 1507 1108 1550 non
1128 1507 1218 1549 num-

211 1596 309 1659 quam
336 1595 400 1639 uno
429 1573 480 1637 die
507 1573 690 1659 longiorem
717 1593 862 1638 mensem
884 1571 1009 1638 faciunt
1032 1577 1090 1639 aut
1113 1573 1218 1638 biduo.
1230 1586 1250 1626 1⁵

210 1663 300 1740 Quae
325 1685 398 1728 cum
426 1661 488 1726 istc
516 1665 690 1747 cognosset
715 1682 817 1726 novus
846 1662 1047 1747 astrologus,
1076 1661 1134 1746 qui
1155 1683 1218 1726 non

210 1757 281 1817 tam
295 1751 377 1818 caeli
391 1751 552 1815 rationem
567 1771 665 1834 quam
680 1749 797 1814 caelati
815 1749 945 1835 argenti
964 1749 1104 1834 duceret,
1123 1748 1219 1814 eximi

210 1842 302 1907 iubet
329 1861 395 1905 non
423 1839 507 1904 diem
534 1859 574 1902 ex
600 1859 724 1922 mense,
752 1837 808 1902 sed
833 1859 871 1902 ex
895 1859 980 1902 anno
1003 1859 1105 1902 unum
1129 1836 1217 1902 dimi-
1264 1843 1265 1872 ³

212 1930 399 2013 dictumque
418 1947 561 1991 mensem
579 1925 642 1992 hoc
660 1925 766 2009 modo,
789 1928 835 2010 ut,
859 1947 922 2010 quo
942 1925 993 1991 dia
1011 1925 1105 1992 verbi
1124 1947 1219 1992 causa

211 2039 282 2083 esse
305 2018 473 2102 oporteret
494 2013 572 2079 Idus
589 2013 767 2098 Ianuarias,
789 2013 825 2078 in
847 2035 921 2078 eum
945 2014 1030 2079 diem
1052 2013 1217 2080 Kalendas
1230 2028 1250 2069 ¹⁰

210 2105 347 2171 Martias
379 2102 538 2187 proscribi
566 2101 703 2168 iuberet.
747 2101 862 2186 Itaque
888 2103 927 2168 fit
953 2102 1105 2167 omnibus
1133 2124 1219 2168 reeu-

210 2193 359 2257 santibus
378 2195 412 2256 et
430 2190 645 2274 plorantibus.
685 2188 764 2256 Dies
785 2190 813 2254 is
837 2194 908 2255 erat
931 2189 1100 2277 legitimus
1124 2191 1219 2258 corni·

210 2280 266 2344 tiis
294 2277 461 2344 habendis.
507 2278 556 2344 Eo
584 2278 681 2344 modo
709 2278 859 2344 sacerdos
882 2276 1080 2344 Climachias
1106 2301 1218 2344 renun·
1263 2303 1264 2332 r

159 2381 210 2431 130
228 2367 329 2434 tiatus
353 2370 411 2432 est.
451 2364 638 2433 Herodotus
662 2389 735 2433 cum
757 2367 863 2432 Roma
885 2367 1073 2452 revertitur,
1097 2367 1215 2450 diebus,
1263 2339 1264 2401 l

209 2459 247 2520 ut
260 2457 331 2541 ipse
344 2455 493 2539 putabat,
510 2474 558 2520 xv
573 2459 649 2521 ante
662 2454 804 2538 comitia,
822 2454 957 2520 offendit
971 2477 1045 2521 eum
1064 2477 1216 2539 mensem,
1230 2469 1249 2510 ²⁵

210 2544 266 2627 qui
280 2543 488 2628 consequitur
502 2565 646 2608 mensem
660 2543 868 2628 comitialem,
886 2543 1028 2609 comitiis
1045 2543 1115 2610 iam
1128 2544 1153 2628 †
1167 2545 1216 2610 ab

210 2632 286 2698 hinc
305 2631 417 2696 diebus
435 2649 510 2696 xxx
532 2631 638 2697 factis
678 2631 762 2700 Tum
780 2629 1050 2716 Cephaloeditani
1072 2632 1216 2698 fecerunt

210 2720 453 2786 intercalarium
482 2737 578 2786 xxxv
606 2720 674 2785 dies
702 2720 850 2805 longum,
881 2723 919 2785 ut
945 2720 1064 2805 reliqui
1092 2743 1216 2787 menses
1262 2801 1263 2806 ἵ

210 2811 245 2874 in
268 2831 360 2875 suam
383 2808 544 2875 rationem
566 2811 814 2874 reverterentur.
854 2807 927 2874 Hoc
950 2811 980 2874 si
1002 2809 1127 2875 Romae
1149 2809 1217 2876 fieri
1262 2815 1263 2889 l

209 2902 334 2982 posset,
362 2901 448 2962 certe
473 2897 582 2982 aliqua
604 2897 731 2962 ratione
755 2899 972 2983 expugnasset
994 2897 1067 2982 iste,
1090 2901 1130 2963 ut
1153 2898 1249 2963 diosa

211 3005 309 3051 xxxv
337 2986 424 3051 inter
450 2985 544 3052 binos
572 2984 666 3050 ludos
692 2986 901 3070 tollerentur,
933 3006 992 3069 per
1019 3007 1103 3070 quos
1132 2988 1217 3052 solos

158 3132 202 3197 53
211 3074 365 3139 iudicium
387 3072 459 3138 fieri
480 3078 600 3157 posset
983 3162 990 3174 ·

159 3209 246 3313 ¹³¹a
269 3161 620 3332 lttrtttttltt?
639 3161 1217 3337 ttttdttttttgttdt

210 3335 272 3399 Ille
300 3337 386 3400 enim
413 3340 464 3401 est
490 3337 703 3422 magistratus
726 3338 811 3421 apud
835 3335 974 3421 Siculos,
1001 3338 1058 3422 qui
1082 3339 1262 3427 diligen-³⁵¹

210 3420 336 3486 tissime
373 3423 547 3489 mandatur
582 3448 603 3490 a
636 3426 758 3509 populo
794 3430 929 3511 propter
960 3425 1045 3491 hanc
1078 3449 1218 3514 causam,

210 3507 296 3587 quod
330 3529 440 3574 omnes
469 3508 569 3576 Siculi
599 3533 637 3576 ex
665 3534 762 3578 censu
790 3512 964 3597 quotannis
990 3512 1120 3580 tributa
1149 3539 1217 3581 con·
