2564 3876
396 176 477 231 CAP.
496 183 601 232 23-25
620 183 635 244 ἓ
655 183 768 233 'lu-⁷9.
1041 178 1085 243 25

89 318 154 384 citis
177 318 371 385 familiarius
401 321 468 385 dixi
495 321 578 386 mihi
603 320 707 387 uideri
729 343 785 387 ore
808 320 981 388 durissimo
1005 343 1085 406 esse,

88 408 134 491 qui
156 413 324 492 praesente
355 431 394 474 eo
419 413 548 495 gestum
571 431 669 496 egere
692 413 900 495 conarentur3
928 410 984 494 qui
1006 432 1083 476 vero

86 496 236 582 cumipse
259 497 511 580 contenderent,
537 519 605 582 eos,
629 499 759 564 etiamsi
782 499 860 583 quid
883 502 981 564 antee
1002 499 1084 564 recti

85 588 133 647 sut
155 586 281 650 venusti
308 586 434 652 habere
460 587 523 652 visi
546 591 668 672 essent,
696 587 730 652 id
753 587 917 672 emittere3
942 587 1084 671 nequid

63 671 153 736 smihi
174 673 239 739 eius
261 674 355 740 modi
379 674 546 759 accideret,
569 697 642 741 cum
665 679 780 742 contre
801 677 902 740 telem
926 675 1084 741 artificem

85 759 212 826 dicturus
235 784 358 847 essem,
381 785 434 828 me
455 763 568 828 vereri.
1102 834 1105 838 ,

139 848 217 914 lum
239 851 325 916 mihi
347 851 485 916 Roscius
510 855 543 916 et
566 852 632 917 ulis
653 853 760 916 multa
782 851 995 917 confirmandi
1019 823 1136 952 mei27‘2

84 958 168 1002 cause
184 939 275 1023 dixit,
297 943 338 1004 ut
361 941 553 1024 mehercule,
576 940 605 1004 si
626 941 710 1004 nihil
733 940 863 1023 diceret,
886 940 986 1006 tacito
1010 939 1082 1024 ipso

83 1024 176 1090 officio
190 1031 223 1092 et
236 1029 361 1113 studio,
380 1028 466 1112 quod
482 1028 627 1093 habebut
645 1049 725 1114 erge
742 1027 962 1113 propinquum
980 1049 1083 1108 suum,

55 1131 73 1168 1⁰
84 1115 214 1196 quemuis
241 1120 465 1182 commoveret
493 1113 628 1203 (etenim
656 1139 730 1182 cum
757 1115 876 1182 artifex
903 1116 1083 1181 eiusmodi

83 1201 126 1283 sit,
146 1207 182 1267 ut
199 1205 290 1269 solus
311 1204 431 1290 diguus
449 1205 598 1270 videatur
616 1227 696 1289 esse,
719 1205 775 1289 qui
797 1205 833 1269 iu
855 1226 972 1271 senene
995 1225 1083 1289 spec-

82 1291 165 1376 tetur,
186 1295 258 1358 tum
276 1293 332 1358 vir
350 1293 419 1357 eius
437 1293 525 1358 modi
544 1296 603 1378 est,
625 1297 663 1358 ut
681 1294 770 1358 solus
790 1293 907 1380 dignus
925 1293 1083 1378 videatur,

83 1378 129 1460 qui
149 1401 185 1445 eo
206 1403 275 1446 non
298 1379 447 1467 accedet)
466 1418 511 1460 ,-
536 1403 648 1447 verum
671 1385 795 1447 tumen:
819 1381 941 1458 ‘Quidt
964 1381 1015 1466 si',
1037 1382 1083 1447 in·

83 1466 154 1550 quit,
180 1467 300 1534 ‘hebes
331 1469 399 1534 eius
426 1470 514 1535 modi
541 1492 687 1555 causam,
713 1475 751 1535 ut
778 1471 840 1536 hoc
862 1471 926 1536 tibi
947 1471 1083 1556 plenum

56 1553 120 1617 usit
143 1556 342 1642 faciendum,
372 1558 536 1623 neminem
565 1579 649 1642 esse,
681 1559 737 1642 qui
766 1559 873 1644 possit
899 1559 997 1625 biduo
1026 1561 1083 1624 sut

83 1662 230 1710 summum
248 1646 362 1711 triduo
383 1647 592 1733 septingenta
613 1647 707 1712 milis
728 1669 884 1731 passuum
907 1647 1083 1730 ambulare,

82 1731 218 1800 tamenne
231 1735 367 1812 vereris,
384 1739 422 1800 ut
439 1735 547 1820 possis
565 1735 627 1802 hcc
645 1739 759 1802 contra
777 1735 990 1801 Hortensium
1009 1756 1084 1800 con·

82 1821 236 1888 tendere?
266 1822 444 1907 ‘Minime',
469 1824 612 1907 inquam.
657 1822 736 1889 ‘Sed
759 1823 837 1907 quid
858 1824 893 1887 id
915 1824 958 1888 ud
979 1821 1082 1887 rem?'
1102 1827 1135 1877 79

83 1905 268 1997 ‘Nimirum
285 1911 403 1995 inquit,
421 1910 468 1976 ‘in
482 1933 520 1976 eo
534 1934 632 1977 causa
645 1912 816 1978 consistit.2
850 1911 933 1988 ‘Quo
952 1909 1082 1976 modo?

53 1993 173 2063 ”Docet
190 2023 243 2064 me
264 2001 335 2064 eius
358 2000 447 2065 modi
469 2022 539 2064 rem
562 2005 595 2064 et
616 2000 741 2066 fectum
764 2000 861 2065 simul
885 1996 956 2064 Sex.
969 1999 1083 2082 Naevi,

83 2086 157 2168 qued
180 2088 209 2152 si
232 2089 341 2154 solum
363 2088 578 2173 proferretur,
606 2088 687 2153 setis
711 2110 781 2153 esse
805 2088 945 2153 deberet.
990 2086 1083 2163 Quod

82 2173 132 2238 ebs
156 2179 202 2261 te,
234 2175 271 2243 0.
289 2176 415 2261 Aquili,
442 2180 476 2241 et
503 2199 523 2241 e
550 2177 658 2260 vobis,
686 2177 742 2261 qui
769 2177 847 2242 estis
874 2176 910 2241 in
937 2177 1083 2260 consilio,

82 2265 1083 2440 lusuuuuuuuuistultuluz

977 2404 986 2438 7

53 2441 243 2507 ²⁵veritetem
258 2446 292 2507 et
309 2442 475 2527 pudorem,
493 2442 601 2526 quoed
618 2442 772 2526 potuerit,
789 2442 959 2508 restitisse.
990 2441 1083 2507 Bone

82 2530 218 2610 postules
245 2535 285 2594 ut
312 2553 351 2595 ex
374 2530 479 2596 edicto
502 2527 674 2615 possidere
691 2530 797 2597 liceat.
838 2528 909 2605 Quo
933 2531 1005 2596 die?
1037 2531 1083 2596 Te

82 2613 192 2702 ipsum,
222 2617 341 2703 Naevi,
371 2619 448 2684 volo
481 2619 607 2703 audire3
636 2619 713 2684 volo
745 2619 928 2684 inauditum
956 2619 1082 2684 fucinus

83 2701 188 2791 ipsius,
215 2707 272 2792 qui
298 2707 332 2772 id
359 2707 536 2791 commisit,
563 2728 642 2772 voce
667 2707 822 2773 convinci.
866 2707 942 2790 Dic,
968 2705 1083 2788 Naevi,

84 2789 166 2859 diem.
207 2795 305 2860 ‘Ante
333 2795 418 2860 diem
438 2794 470 2860 V
487 2794 624 2860 Kalend.
642 2795 872 2861 intercalares?
904 2794 1002 2860 'Bene
1025 2794 1083 2858 eis.

54 2875 177 2954 ”Quum
196 2884 295 2970 longe
319 2888 370 2948 est
391 2883 467 2948 hinc
489 2883 524 2948 in
546 2884 668 2948 saltum
690 2889 836 2949 uestrum
855 2882 1082 2948 Gallicanum?

84 2964 190 3055 Naevi,
214 2975 247 3036 te
274 2992 365 3058 rogo.
402 2971 487 3037 ‘nce
514 2971 606 3036 milie
631 2972 807 3057 persuum?
854 2970 993 3056 Optime.
1033 2969 1083 3034 De

85 3057 161 3124 sultu
173 3059 310 3126 deicitur
324 3058 492 3136 Quinctius
509 3096 547 3107 -
564 3061 717 3144 quodie?
742 3081 915 3146 possumus
930 3060 992 3125 hoc
1006 3079 1083 3141 quc·

86 3165 138 3227 que
163 3169 200 3212 ex
227 3152 260 3213 te
288 3147 419 3214 audire?
456 3147 540 3224 Quid
569 3150 680 3215 taces?
714 3149 777 3233 dic,
807 3148 955 3232 inquam,
988 3146 1082 3211 diem.

84 3229 177 3300 Pudet
198 3236 317 3319 dicere3
343 3236 514 3323 intelleg03
540 3259 653 3302 verum
677 3240 710 3301 et
733 3258 805 3301 sero
829 3240 863 3300 et
884 3234 1082 3319 nequiquam

56 3323 182 3402 ⁸*pudet
225 3324 371 3390 Deicitnr
397 3326 436 3390 de
463 3326 565 3410 saltu,
597 3323 632 3391 Ο.
657 3324 784 3408 Aquili,
815 3323 919 3408 pridie
945 3322 1082 3390 Kalend.

86 3406 297 3498 intercalares,
319 3412 415 3478 biduo
434 3418 510 3499 post
528 3417 595 3499 eut,
617 3412 786 3479 utstatim
807 3412 846 3476 de
868 3411 938 3476 iure
962 3412 1081 3496 uliquis

87 3501 262 3588 cucurrerit,
289 3522 356 3565 non
382 3506 451 3567 toto
479 3501 587 3567 triduo
615 3515 684 3565 nco
712 3500 804 3564 milia
830 3520 986 3583 passuum
1008 3522 1081 3566 con-
