2622 3884
203 197 270 261 460
288 243 291 250 .
508 193 547 248 lN
566 193 594 248 0.
609 191 765 248 VERREM
784 192 862 249 AGT.
882 193 918 248 11.

151 355 184 406 ⁸4
202 362 322 406 nomen
345 339 521 423 attingunt.
563 336 647 402 Odi
668 338 886 404 immortales!
920 335 1021 422 quid?
1050 337 1080 402 si
1101 339 1225 404 harum

202 428 348 514 ipsarum
367 426 539 492 civitatum
560 426 731 510 militibus,
753 427 902 511 navibus,
924 427 1100 492 nauarchis
1126 425 1225 511 Syra·

203 536 342 583 cusanus
365 513 555 581 Cleomenes
586 515 696 580 iussus
729 520 780 580 est
809 516 984 600 imperare,
1016 536 1085 581 non
1113 517 1223 580 omnis

202 605 307 669 honos
326 604 368 669 ab
387 603 452 668 isto
472 602 654 689 dignitatis,
678 603 854 687 aequitatis
878 603 1041 688 officiique
1067 605 1222 669 sublatus

203 694 275 758 est?
320 691 456 776 Ecquod
483 692 519 757 in
541 689 653 756 Sicilia
679 692 803 756 bellum
832 693 1006 778 gessimus,
1035 692 1116 776 quin
1141 690 1250 758 Oen-⁵

202 781 356 866 turipinis
371 781 477 865 sociis,
497 777 709 864 Syracusanis
724 780 875 845 hostibus
894 781 1083 845 uteremur?
1107 780 1221 866 Atque

202 870 283 935 haec
297 890 359 956 ego
375 869 416 934 ad
430 869 621 934 memoriam
636 869 820 953 vetustatis,
838 890 905 934 non
923 869 964 934 ad
983 870 1219 935 contumeliam

203 959 345 1023 civitatis
364 957 479 1022 referri
497 957 582 1022 volo.
618 956 733 1041 Itaque
751 958 809 1022 ille
831 957 883 1022 vir
905 957 1108 1022 clarissimus
1134 980 1219 1023 sum-
1294 999 1295 1032 2

203 1068 338 1131 musque
357 1047 546 1131 imperator,
568 1044 611 1110 M.
625 1045 809 1129 Marcellus,
832 1045 922 1111 1111111
945 1046 1068 1111 virtute
1092 1051 1219 1132 captae,

203 1135 426 1201 misericordia
451 1136 662 1199 conservatae
686 1138 763 1198 sunt
786 1132 980 1218 Syracusae,
1007 1134 1163 1200 habitare
1184 1137 1219 1199 in
1233 1155 1259 1192 1⁰

203 1247 242 1289 ea
266 1227 360 1308 parte
383 1222 487 1306 urbis,
511 1223 651 1306 quaein
673 1221 787 1287 Insula
809 1226 873 1306 est,
901 1220 1143 1306 Syracusanum
1165 1246 1219 1289 ne

203 1313 324 1377 minem
355 1310 475 1394 voluit,
510 1310 621 1394 hodie,
656 1309 803 1395 inquam,
840 1308 1079 1395 Syracusanum
1111 1313 1149 1376 in
1180 1335 1219 1378 ea

202 1403 296 1483 parte
323 1398 475 1462 habitare
501 1419 568 1462 non
595 1398 686 1484 licet3
714 1403 765 1464 est
792 1398 877 1463 enim
905 1399 1010 1482 loeus,
1038 1421 1137 1483 quem
1165 1402 1219 1466 vel

202 1487 298 1571 pauci
321 1486 451 1570 possint
474 1485 652 1551 defendere.
690 1485 904 1552 committere
926 1488 1029 1573 igitur
1053 1509 1127 1553 eum
1151 1510 1218 1553 non

202 1573 401 1639 fidelissimis
419 1574 606 1639 hominibus
624 1575 740 1659 noluit,
759 1576 858 1641 simul
876 1576 963 1660 quod
980 1573 1023 1641 ab
1042 1576 1104 1642 illa
1120 1581 1217 1662 parte
1232 1595 1255 1635 1⁵

202 1663 293 1728 urbis
315 1663 454 1728 navibus
478 1663 586 1728 aditus
610 1685 649 1728 ex
673 1665 741 1728 alto
766 1668 824 1728 est.
861 1663 966 1740 Quam
989 1664 1032 1729 ob
1056 1687 1136 1750 rem,
1161 1667 1218 1750 qui

201 1756 332 1817 nostros
362 1752 521 1817 exercitus
550 1773 646 1836 saepe
675 1754 891 1835 excluserant,
917 1753 959 1816 iis
983 1753 1128 1819 claustra
1152 1755 1217 1820 loci

15 1861 16 1864 ’
148 1844 183 1896 85
203 1840 436 1906 committenda
449 1861 517 1904 non
531 1840 740 1905 existimavit.
773 1840 865 1924 Vide,
884 1841 961 1924 quid
979 1841 1111 1906 intersit
1128 1842 1217 1907 inter

202 1933 293 1995 tuam
317 1928 485 1993 libidinem
508 1928 733 2012 maiorumque
757 1929 995 2013 auctoritatem,
1017 1929 1105 1995 inter
1128 1953 1216 1996 amo-

201 2040 272 2082 rem
307 2017 515 2100 furoremque
551 2020 645 2081 tuum
678 2021 711 2081 et
745 2017 877 2082 illorum
910 2017 1083 2082 consilium
1116 2023 1216 2104 atque
1229 2038 1254 2077 ²⁰

201 2105 417 2190 prudentiam.
448 2104 505 2168 Illi
519 2105 643 2169 aditum
659 2105 767 2171 litoris
782 2102 993 2190 Syracusanis
1013 2106 1216 2192 ademerunt,

201 2197 239 2258 tu
265 2193 438 2276 imperium
466 2193 678 2257 maritumum
701 2193 902 2278 concessisti,
931 2193 982 2258 illi
1004 2194 1157 2262 habitare
1181 2195 1215 2260 in

201 2303 239 2346 eo
272 2281 344 2346 loco
375 2278 627 2365 Syracusanum,
660 2304 725 2366 qua
754 2303 854 2346 11111
887 2283 1037 2348 accedere
1068 2289 1214 2369 possent,

200 2368 385 2452 noluerunt,
408 2371 445 2433 tu
464 2369 563 2434 classi
586 2372 620 2434 et
641 2370 779 2435 navibus
799 2368 1038 2454 Syracusanum
1061 2395 1214 2456 praeesse

200 2455 349 2539 voluisti3
373 2455 490 2540 quibus
508 2457 560 2522 illi
582 2457 672 2522 urbis
697 2480 774 2523 suae
796 2463 924 2543 partem
948 2461 1149 2546 ademerunt,
1172 2462 1213 2527 iis
1226 2479 1251 2519 2⁵

200 2547 238 2608 tu
256 2543 361 2608 nostri
379 2545 509 2629 imperii
531 2549 659 2629 partem
683 2546 801 2610 dedisti
823 2551 865 2631 et,
888 2569 1025 2631 quorum
1050 2549 1213 2615 sociorum
1294 2545 1295 2548 '

201 2633 300 2718 opera
320 2629 513 2716 Syracusani
531 2634 626 2697 nobis
646 2634 732 2699 dicto
752 2635 919 2700 audientes
939 2640 1024 2719 sunt,
1042 2657 1099 2701 eos
1118 2637 1213 2722 Syra·

15 2765 17 2788 1
148 2772 190 2837 33
201 2743 321 2786 cusano
345 2721 431 2786 dicto
456 2721 622 2785 audientes
647 2743 717 2786 esse
739 2721 874 2786 iussisti.

15 2797 17 2832 l
147 2849 181 2900 36
266 2808 445 2895 Egreditur
466 2809 501 2872 in
524 2806 736 2893 Centuripina
759 2810 956 2894 quadriremi
978 2809 1213 2880 Cleomenese
1294 2829 1295 2836 ’

199 2901 310 2981 portu3
335 2897 481 2981 sequitur
504 2893 684 2981 Segestana
705 2898 813 2981 navis,
836 2898 1070 2983 Tyndaritana,
1093 2900 1211 2967 Herbi·
1224 2921 1248 2960 ³0

199 2985 316 3069 tensis,
347 2984 582 3068 Heracliensis,
608 2983 867 3071 ApolloniensiS,
893 2986 1089 3070 Haluntina,
1117 3013 1211 3074 prae-

200 3074 289 3138 clara
321 3072 435 3138 1111111
472 3072 591 3156 speeie,
628 3073 685 3138 sed
719 3074 814 3158 inops
847 3078 880 3139 11
913 3075 1043 3142 infirma
1073 3082 1211 3164 propter

200 3160 422 3225 dimissionem
436 3163 717 3246 propugnatorum
737 3166 834 3245 atque
852 3163 1021 3250 remigum.
1053 3163 1136 3230 Tam
1156 3167 1210 3232 diu

198 3248 234 3312 in
264 3248 401 3332 imperio
434 3269 492 3314 suo
525 3248 663 3313 classem
695 3250 758 3315 iste
789 3255 922 3335 praetor
952 3252 1090 3338 diligens
1118 3254 1210 3340 vidit,
1294 3245 1295 3250 ἵ

200 3356 297 3418 quam
333 3335 387 3400 diu
421 3335 605 3400 1111111111
639 3337 707 3401 eius
738 3337 1033 3423 flagitiosissimum
1065 3346 1246 3426 praeter-ee

198 3425 292 3485 vecta
319 3424 381 3504 est3
408 3422 478 3505 ipse
506 3419 629 3507 autem,
661 3424 717 3507 qui
743 3424 833 3489 visus
861 3428 974 3492 multis
1003 3429 1115 3494 diebus
1143 3452 1210 3496 non

179 3510 299 3590 'essat,
325 3511 396 3570 tum
424 3527 458 3570 11
486 3510 597 3572 tamen
621 3510 657 3574 in
679 3517 888 3594 conspectum
910 3517 1020 3581 nautis
1043 3517 1210 3602 paulisper
