2600 3878
168 157 235 224 344
469 155 508 210 [N
527 155 555 211 C.
569 155 725 210 VERREM
743 154 823 211 Aer.
843 156 877 211 11.

169 303 250 370 mihi
264 302 315 385 (ta,
332 301 475 386 inquam,
493 322 532 365 ex
545 301 613 365 illis
628 301 822 384 aratoribus,
841 301 897 385 qui
910 300 974 365 tibi
993 301 1035 367 sd
1052 306 1180 368 statuas

168 391 321 476 pecuniae
353 389 574 473 contuleruut,
606 389 664 473 qui
694 389 758 454 sibi
785 389 871 454 dieat
898 411 994 454 omne
1022 412 1093 456 esse
1119 413 1181 476 pro

167 480 339 562 frumento,
354 477 440 563 quod
459 478 650 562 oportuerit,
669 478 823 543 solutum.
856 475 1030 563 Confirmo,
1049 479 1181 564 iudices,

168 568 331 634 neminem
354 588 424 632 esse
447 567 617 632 dieturum.

117 628 167 756 i881
235 655 286 722 Ex
300 655 389 720 omni
402 654 548 739 pecunia,
566 676 664 739 quam
683 655 867 720 aratoribus
886 656 1011 720 solvere
1030 655 1206 738 debuistis

170 744 266 810 certis
296 743 482 809 nominibus
511 742 718 809 deductiones
745 744 817 807 fieri
843 743 1006 827 solebant,
1037 745 1181 828 primum
1291 741 1293 758 ¹

169 855 229 918 pro
262 833 462 918 spectatione
495 835 528 896 et
560 831 703 915 collybo,
737 830 851 896 deinde
882 853 942 916 pro
973 831 1084 897 neseio
1118 854 1181 917 quo

170 922 303 987 aerario.
338 920 429 986 Haeo
444 919 562 1003 omnia,
579 919 710 1001 iudices,
728 941 795 984 non
807 941 916 984 rerum
935 923 1107 1004 certarum,
1126 919 1182 985 sed

168 1011 331 1076 furtorum
344 1008 664 1094 improbissimorum
678 1011 755 1072 sunt
773 1008 940 1073 voeabula.
977 1007 1063 1073 Nam
1083 1009 1181 1092 colly-

169 1101 230 1164 bus
258 1121 329 1164 esse
357 1098 413 1182 qui
435 1099 557 1182 potest,
584 1118 658 1161 eum
680 1100 817 1160 utuntur
840 1117 951 1161 omnes
974 1118 1040 1161 uno
1063 1118 1182 1182 genere
1196 1116 1218 1154 ιο

168 1187 398 1253 nummorum?
436 1184 603 1251 Cerarium
623 1206 767 1250 vero-
790 1184 890 1269 quid?
913 1206 977 1268 quo
1000 1186 1097 1250 modo
1120 1185 1183 1250 hoe

170 1298 290 1342 nomen
303 1275 344 1340 ad
357 1274 501 1338 rationes
516 1273 739 1359 magistratus,
758 1294 821 1356 quo
836 1272 932 1338 modo
951 1273 994 1338 od
1010 1274 1183 1356 pecuniam

170 1364 335 1449 publicam
360 1363 497 1427 allatum
520 1363 593 1426 est?
633 1361 719 1427 Nam
741 1359 824 1425 illud
848 1382 950 1447 genus
972 1362 1109 1426 tertium
1133 1363 1183 1426 de-
1292 1399 1293 1402 κ

171 1451 331 1518 ductionis
350 1455 422 1516 erat
445 1451 513 1516 eius
536 1450 635 1534 modi,
658 1450 752 1534 quasi
773 1471 840 1514 non
862 1449 958 1515 modo
981 1449 1103 1534 liceret,
1127 1449 1183 1515 sed
1292 1459 1293 1528 g

171 1540 271 1605 etiam
299 1543 478 1624 oporteret,
505 1561 565 1604 nee
593 1539 698 1604 solum
723 1541 902 1622 oporteret,
930 1537 987 1602 sed
1009 1539 1108 1622 plane
1130 1560 1183 1603 ne
1196 1555 1217 1596 re
1292 1557 1293 1598 r

171 1650 259 1693 cesse
291 1632 386 1693 esset.
437 1626 568 1694 Seribae
600 1627 730 1692 nomine
758 1626 797 1691 de
824 1629 897 1691 tota
923 1627 1060 1710 pecunia
1087 1627 1184 1692 binae

171 1717 458 1802 quinquagesimae
475 1715 738 1780 detrahebantur.
753 1739 755 1746 ’
770 1713 849 1790 Quis
863 1715 926 1779 hoo
939 1714 1000 1779 tibi
1013 1717 1184 1799 noncessit,
1292 1741 1293 1806 q

171 1828 253 1890 quae
268 1806 330 1889 lex,
348 1827 431 1890 quae
449 1808 580 1869 senatus
600 1803 788 1887 auotoritas,
807 1825 889 1887 quae
907 1825 1006 1887 porro
1025 1805 1184 1888 aequitas
1292 1831 1293 1840 ¹

170 1898 208 1959 ut
225 1897 354 1959 tantam
371 1893 541 1978 pecuniam
564 1893 672 1958 sariba
694 1895 770 1956 tuus
794 1891 937 1956 auferret
960 1891 1026 1956 sive
1050 1892 1090 1957 de
1114 1915 1184 1956 ara-

119 1996 169 2046 182
188 1987 298 2048 torum
311 1982 407 2046 bonis
421 1981 489 2047 sive
503 1981 542 2046 de
555 1981 670 2066 populi
683 1979 823 2046 Romani
836 1979 1073 2065 vectigalibus?
1096 1979 1184 2046 Nam
1197 1999 1220 2037 2⁰
1280 1990 1292 2017 *

171 2071 200 2136 si
226 2074 337 2156 potest
363 2069 430 2135 istu
455 2069 592 2155 pecunia
620 2069 689 2133 sine
715 2072 881 2133 aratorum
903 2067 1022 2132 iniuria
1046 2068 1185 2152 detrahi,

170 2159 311 2245 populus
330 2157 496 2223 Romanus
514 2157 644 2242 habeat,
666 2157 701 2221 in
723 2156 826 2221 tantis
848 2156 1042 2241 praesertim
1066 2158 1185 2222 aerarii

171 2246 347 2332 angustiis3
379 2246 431 2310 siu
459 2249 569 2310 autem
596 2250 629 2310 et
655 2246 796 2330 populus
823 2243 989 2310 Romanus
1017 2246 1123 2311 voluit
1152 2250 1185 2310 et

171 2357 311 2418 aequum
331 2337 381 2398 est
398 2333 448 2399 ita
466 2335 548 2399 solvi
572 2333 767 2417 aratoribus,
789 2337 865 2396 tuus
889 2333 1058 2418 apparitor
1079 2357 1185 2418 parva

171 2422 285 2508 populi
312 2421 457 2487 mereede
480 2421 655 2488 conductus
679 2421 718 2486 de
742 2425 908 2486 aratorum
930 2422 1025 2486 bouis
1048 2423 1184 2507 praeda·
1197 2439 1219 2480 2⁵

170 2510 285 2575 bitur?
312 2509 357 2574 Et
374 2509 409 2574 in
426 2510 488 2575 hae
506 2533 604 2575 eausa
622 2510 802 2574 scribarum
822 2509 968 2574 ordinem
985 2510 1020 2573 in
1038 2532 1091 2574 me
1110 2533 1185 2576 eon-

171 2598 287 2664 oitabit
300 2596 496 2663 Hortensius
512 2602 545 2662 et
563 2620 675 2663 eorum
694 2596 863 2674 commoda
882 2620 901 2662 a
919 2620 970 2662 me
989 2598 1185 2664 labefactari

171 2691 269 2772 atque
297 2687 479 2773 oppugnari
505 2687 578 2751 iura
605 2686 711 2751 dicet?
753 2684 853 2760 Quasi
879 2707 956 2750 vero
981 2686 1044 2752 hoe
1067 2687 1184 2753 scribis

171 2776 239 2841 ullo
268 2775 416 2860 exemplo
444 2775 488 2840 sit
513 2778 570 2840 aut
592 2775 660 2839 ullo
683 2775 752 2838 iure
776 2795 972 2839 eoncessum.
1013 2772 1098 2849 Quid
1121 2797 1183 2862 ego

170 2869 282 2931 vetera
299 2867 445 2949 repetam
464 2866 522 2928 aut
545 2862 622 2947 quid
644 2885 756 2927 eorum
779 2862 960 2927 scribarum
983 2863 1184 2928 mentionem
1197 2881 1219 2922 so
1241 2887 1243 2892 ¹

171 2953 298 3035 faeiem,
317 2973 399 3037 quos
418 2955 547 3016 constat
566 2951 789 3016 sanctissimos
807 2951 956 3016 homines
975 2954 1074 3035 atque
1092 2952 1184 3018 inno

171 3040 375 3108 certissimos
406 3039 528 3104 fuisse?
578 3037 655 3103 Non
686 3061 738 3104 me
770 3038 869 3125 fugit,
904 3039 1039 3124 iudices,
1071 3045 1184 3106 vetera

171 3126 639 3301 rsrrteettttt
657 3127 853 3280 ἷῖῃῗθὲἶάξῗ
872 3127 1184 3302 3ξὲξῆῑὲἃῦὗῖξὲ
1287 3163 1291 3200 ⁴

171 3304 341 3386 Hortensi,
372 3307 526 3388 quaestor
551 3303 653 3367 fuisti.
699 3301 782 3378 Quid
809 3303 859 3367 tui
884 3304 1010 3369 scribae
1036 3269 1218 3390 secennio

172 3395 208 3454 tu
226 3392 320 3474 potes
342 3391 459 3474 diaere3
482 3412 543 3476 ego
563 3390 601 3454 de
625 3390 706 3454 meis
728 3391 791 3455 hoc
814 3391 894 3474 dieo,
917 3414 991 3457 eum
1013 3393 1049 3457 in
1072 3394 1183 3458 eadem

171 3476 237 3539 ista
251 3474 361 3540 Sicilia
374 3477 611 3570 pro—frumento
626 3478 796 3562 pecuniam
814 3478 1003 3545 eivitatibue
1023 3482 1183 3547 solverem
