2558 3884
198 185 263 250 268
496 183 534 237 IN
556 183 584 240 C.
598 182 754 238 VERREM
772 182 851 238 ACT.
870 182 903 237 H.

196 329 383 393 tabularum
400 332 498 412 atque
516 329 654 414 insignis
672 327 841 412 turpitudo
859 330 1037 411 teneretur,
1055 347 1210 411 quaerere

196 416 368 500 incipimus
397 416 435 481 de
459 415 661 500 Carpinatio,
689 416 839 500 quisnam
865 415 895 480 is
918 419 1005 480 esset
1023 413 1210 498 Verrucius,

197 504 325 589 quicum
356 508 469 570 tantae
500 506 654 590 pecuniae
682 504 844 569 rationem
870 504 1015 569 heberet.
1065 503 1210 569 Haerere

196 592 305 677 homo,
328 593 460 678 versari,
482 593 607 658 rubere.
644 592 736 669 Quod
754 593 828 680 lege
848 592 1054 676 excipiuntur
1076 593 1209 657 tabulae

197 681 454 766 publicanorum,
478 703 542 766 quo
562 681 670 746 minus
689 680 829 746 Romam
852 681 1073 766 deportentur,
1097 685 1136 745 ut
1158 698 1237 745 res⁵

198 791 295 853 quam
318 770 459 834 maxime
481 770 570 835 clara
593 773 626 834 et
649 772 772 834 testata
794 791 864 834 esse
887 773 1013 853 posset,
1035 769 1070 833 in
1094 769 1146 834 ius
1171 769 1211 834 ad

197 857 367 924 Metellum
390 857 616 943 Carpinatium
648 879 727 923 voco
755 858 951 941 tabulasque
979 857 1149 923 societatis
1176 858 1211 922 iu

195 945 305 1012 forum
333 947 449 1011 defero.
494 945 548 1010 Fit
574 946 735 1011 maximus
758 967 934 1012 concursus
956 944 1142 1029 hominum,
1170 950 1211 1030 et,

199 1036 286 1119 qnod
315 1038 386 1100 crat
409 1033 578 1120 Carpinati
604 1038 685 1099 nota
710 1057 783 1100 oum
805 1035 871 1099 isto
893 1037 1046 1119 praetore
1068 1035 1210 1100 societas

146 1145 236 1234 ‘17⁸⁰
253 1123 442 1207 faeneratio,
466 1143 591 1187 summe
614 1124 829 1206 expectabant
853 1144 974 1204 omnes,
997 1123 1156 1207 quidnam
1178 1123 1211 1186 in
1224 1141 1248 1180 ιο

146 1247 197 1298 188
216 1212 338 1275 tabulis
361 1213 535 1275 teneretur.
579 1209 661 1275 Rem
684 1211 725 1276 ed
747 1211 916 1276 Metellum
940 1210 1064 1294 defero,
1087 1233 1141 1276 me
1164 1215 1212 1276 ta·

197 1299 292 1363 bulas
324 1299 527 1383 perspexisse
555 1299 730 1383 sociorum3
761 1299 796 1363 in
822 1298 874 1364 his
903 1299 1027 1364 tabulis
1053 1320 1210 1386 magnam

197 1387 358 1451 rationem
377 1385 412 1451 C.
425 1385 563 1452 Verruci
583 1386 755 1471 permultis
777 1387 966 1452 nominibus
989 1408 1070 1472 esse,
1093 1409 1210 1472 meque

196 1473 259 1539 hoc
272 1473 454 1558 perspicere
467 1496 507 1539 ex
528 1476 697 1540 consulum
716 1497 948 1560 mensuumque
966 1475 1107 1560 ratione,
1124 1476 1210 1541 hunc

196 1561 389 1627 Verrucium
406 1583 511 1647 neque
530 1566 606 1628 ante
625 1564 800 1629 adrentum
818 1563 853 1629 C.
867 1561 980 1628 Verris
1003 1586 1111 1649 neque
1133 1569 1209 1649 post
1225 1579 1246 1621 1⁵

197 1649 415 1716 decessionem
451 1651 623 1736 quicquam
656 1675 729 1717 cum
761 1651 950 1736 Carpinatio
981 1652 1124 1717 rationis
1156 1653 1209 1717 ha-

196 1738 320 1823 buisse3
347 1739 493 1825 postulo,
520 1742 557 1804 ut
584 1740 665 1804 mihi
692 1741 900 1825 respondeat,
926 1741 982 1824 qui
1011 1740 1056 1805 sit
1084 1741 1115 1805 is
1133 1739 1210 1806 Ver-

196 1828 315 1912 rucius,
333 1831 495 1894 mercator
514 1850 557 1892 an
571 1829 759 1914 negotiator
776 1851 820 1892 an
837 1832 949 1893 arator
967 1850 1010 1893 an
1027 1829 1208 1913 pecuarius,

196 1917 232 1980 in
255 1915 366 1982 Sicilia
393 1918 438 1981 sit
465 1939 507 1980 an
533 1917 599 1981 iam
627 1917 808 1982 decesserit.
850 1915 1000 1981 Clamare
1028 1939 1145 1982 omnes
1172 1939 1210 1982 ex

197 2008 358 2070 conventu
371 2005 533 2070 neminem
546 2027 700 2089 umquam
713 2005 750 2069 in
767 2003 878 2070 Sicilia
894 2005 996 2069 fuisse
1005 2004 1209 2072 Verrucium.
1223 2023 1247 2062 ²⁰

196 2092 270 2177 Ego
289 2093 421 2176 instare,
444 2097 481 2157 ut
500 2092 581 2157 mihi
598 2094 817 2178 responderet,
840 2093 1010 2177 quiesset,
1032 2093 1092 2158 ubi
1117 2098 1210 2178 esset,

198 2181 282 2244 unde
315 2184 414 2263 essct3
446 2203 503 2246 cur
534 2203 646 2246 servus
679 2181 859 2265 societatis,
891 2182 947 2266 qui
975 2182 1111 2247 tabulas
1140 2204 1210 2248 con-

197 2267 315 2350 ficeret,
340 2289 468 2352 semper
489 2267 524 2332 in
537 2268 674 2334 Verruci
696 2270 827 2334 nomine
850 2273 939 2335 certo
962 2291 1002 2335 ex
1025 2271 1100 2336 loco
1126 2294 1211 2336 rnen·

146 2364 198 2415 18⁹
218 2354 315 2419 dosus
339 2359 433 2420 esset.
477 2356 588 2441 Atque
609 2357 672 2422 hoc
694 2359 912 2442 postulabam,
936 2379 1003 2423 non
1025 2380 1092 2442 quo
1116 2360 1211 2424 illum

197 2442 271 2527 cogi
288 2446 437 2527 putarem
457 2448 616 2530 oportere,
638 2449 676 2511 ut
698 2446 740 2511 ad
762 2467 801 2510 ea
822 2446 905 2510 mihi
926 2447 1144 2530 responderet
1165 2449 1210 2512 in·
1223 2463 1244 2503 2⁵

196 2530 297 2616 vitus,
330 2532 387 2596 sed
417 2536 455 2597 ut
484 2534 634 2598 omnibus
662 2533 757 2598 istius
783 2533 886 2618 furta,
917 2534 1008 2598 illius
1035 2535 1210 2622 flagitium,

197 2619 365 2705 utriusque
384 2621 519 2686 audacia
536 2622 707 2706 perspicua
725 2643 795 2687 esse
817 2626 938 2706 posset.
973 2622 1091 2707 Itaque
1115 2624 1210 2690 illum

196 2707 231 2771 in
248 2708 317 2773 iure
340 2713 431 2774 metu
453 2709 713 2794 conscientiaque
735 2711 861 2795 peccati
884 2715 1011 2776 mutum
1034 2714 1138 2796 atque
1161 2736 1209 2778 ex·

198 2797 377 2861 animatum
410 2818 447 2863 ac
478 2797 533 2862 vix
564 2797 676 2863 rivum
707 2799 869 2883 relinquo,
904 2799 1036 2864 tabulas
1069 2799 1105 2865 in
1137 2801 1208 2866 foro

198 2907 325 2950 summa
351 2885 520 2950 hominum
546 2883 731 2970 frequentia
758 2887 917 2970 exscrib03
950 2887 1150 2954 adhibentur
1175 2889 1244 2953 in³⁰

197 2973 367 3038 scribendo
404 2996 443 3038 ex
478 2978 639 3039 conventu
670 2974 733 3040 riri
768 2975 929 3060 primarii,
964 2975 1097 3041 litterae
1132 2977 1209 3042 litu-

197 3083 316 3145 raeque
343 3083 454 3127 omnes
482 3061 693 3128 assimulatae
715 3066 749 3128 et
772 3085 941 3148 expressae
965 3064 1003 3128 de
1026 3064 1153 3130 tabulis
1175 3066 1210 3128 in

145 3159 196 3210 190
215 3149 317 3215 libros
332 3149 579 3215 transferuntur.
612 3150 701 3216 Haec
715 3152 825 3217 omnia
843 3174 970 3217 summa
988 3174 1067 3217 cura
1086 3157 1120 3218 et
1139 3154 1210 3218 dili-

196 3237 574 3410 satiatusque?
589 3240 1242 3413 slllmsfitldtttllltt,

196 3411 390 3493 respondere
421 3414 541 3496 noluit,
575 3415 734 3498 responde
766 3420 803 3480 tu
834 3417 915 3481 mihi
946 3439 1046 3500 nunc,
1078 3417 1209 3503 Verres,

196 3515 291 3574 quem
306 3518 377 3561 csse
390 3498 476 3563 hunc
493 3503 585 3565 tuum
603 3524 706 3587 paene
725 3504 882 3588 gentilem
891 3503 1084 3570 Verrucium
1102 3511 1209 3590 putes.
