2604 3880
361 204 457 262 mal
476 203 554 260 CAP.
569 211 674 261 ιιι-ιι
693 212 708 273 s
728 211 841 261 ro-sr.
1092 207 1155 272 171

146 371 267 437 poenas
296 349 420 414 Romae
448 349 600 415 daturum
627 349 846 416 credidissent.
886 350 962 416 Etsi
983 351 1084 416 talem
1108 374 1157 418 ac·

146 441 300 523 ceperant
317 437 480 523 iniuriam,
503 459 601 522 quam
619 439 712 503 nulla
733 439 807 526 lege
830 439 910 504 satis
937 439 1033 526 digne
1051 462 1157 524 perse·

147 527 203 613 qui
220 530 364 610 possent,
381 530 493 592 tamen
510 526 716 592 incommoda
735 549 794 592 sua
811 528 935 593 nostris
953 529 1157 594 committere

146 617 275 701 legibus
295 618 328 680 et
345 614 473 680 iudiciis
495 635 593 698 quam
614 615 720 681 dolori
742 637 801 681 suo
824 617 1014 700 permittere
1037 617 1158 682 malue-

120 708 231 770 srunt.
272 703 321 768 Τιι
340 703 430 787 mihi,
453 725 526 769 cum
549 704 777 769 circumsessus
802 726 822 768 a
843 708 914 768 tam
936 704 1060 769 illustri
1083 705 1158 770 civi·

146 797 216 858 tate
248 793 293 857 sis
325 794 460 877 propter
491 795 585 856 tuum
617 793 721 858 scelus
750 798 848 876 atque
875 792 1051 879 flagitium,
1084 815 1157 858 cum

147 881 292 968 coegeris
311 879 460 945 homines
479 879 616 945 miseros
639 884 673 945 et
695 880 905 946 calamitosos
929 881 1023 965 quasi
1047 881 1157 966 despe

146 970 229 1034 ratis
246 968 369 1033 nostris
388 969 516 1054 legibus
536 972 569 1032 et
591 969 718 1034 iudiciis
742 969 783 1033 ed
805 968 881 1052 rim,
904 969 946 1033 ad
968 990 1093 1053 manus,
1116 969 1157 1034 ad

147 1079 240 1122 arma
258 1057 440 1142 confugere,
464 1079 537 1122 cum
555 1057 641 1122 tein
660 1056 787 1142 oppidis
811 1061 844 1121 et
867 1057 1055 1122 civitatibus
1079 1058 1157 1122 ami·

109 1163 259 1210 iocorum
290 1166 355 1210 non
386 1145 533 1232 legatum
564 1145 677 1230 populi
707 1145 860 1230 Romani,
893 1146 950 1210 sed
979 1149 1157 1229 tyrannum

148 1231 358 1298 libidinosum
374 1233 599 1336 crudelemque
617 1234 815 1337 praebueris,
833 1256 907 1299 cum
926 1235 1012 1318 apud
1030 1238 1157 1299 exteras

146 1321 320 1386 nationes
310 1321 440 1407 imperii
453 1323 659 1407 nominisque
677 1326 753 1387 nost
754 1345 783 1388 ιι
738 1322 957 1388 t'tfamam
942 1322 1008 1387 tuis
1026 1322 1157 1408 probris

147 1409 346 1495 flagitiisque
364 1409 509 1494 violaris,
531 1432 605 1476 cum
622 1414 656 1476 te
675 1431 715 1475 ex
732 1410 820 1477 ferro
844 1411 1021 1476 amicorum
1044 1411 1158 1496 populi

146 1497 287 1563 Romani
305 1498 461 1583 eripueris
485 1502 582 1582 atque
606 1521 644 1563 ex
666 1499 804 1565 flemma
822 1499 984 1566 sociorum
1008 1498 1157 1583 scolaris,

108 1604 133 1645 ιι
147 1587 201 1652 hic
231 1586 295 1651 tibi
321 1587 506 1674 perfugium
535 1607 645 1671 speras
673 1587 841 1653 futurum?
887 1587 1068 1672 Erras3ut
1053 1587 1158 1652 thuc

146 1675 313 1778 incideres,
335 1696 402 1740 nou
420 1680 457 1739 ut
474 1675 528 1741 hic
546 1675 798 1760 conquiesceres,
821 1675 872 1740 illi
890 1679 923 1740 te
941 1676 1052 1740 vivum
1071 1675 1158 1740 exire

147 1763 236 1849 passi
259 1766 344 1828 sunt.
1168 1803 1210 1868 33

213 1851 260 1916 Ac
292 1852 340 1916 ais
372 1850 526 1917 iudicium
557 1872 627 1916 esse
658 1851 782 1916 factum
814 1851 885 1914 te'
875 1851 995 1915 iniuria
1025 1850 1157 1915 circum·
1176 1879 1210 1930 83

148 1961 273 2006 sessum
292 1961 363 2005 esse
376 1939 558 2025 Lampsaci,
576 1939 662 2023 quod
675 1938 887 2004 Philodamus
906 1960 979 2004 cum
996 1937 1066 2002 filio
1085 1959 1158 2003 con-

107 2047 134 2089 so
149 2029 280 2094 demnat
265 2032 320 2094 tus
347 2030 401 2092 ιι.
442 2028 539 2112 Quid,
566 2028 595 2092 si
617 2028 729 2111 doceo,
757 2028 787 2092 si
808 2027 943 2111 planum
965 2026 1049 2092 facio
1072 2029 1158 2091 teste

147 2116 280 2183 homine
307 2138 461 2201 nequam,
488 2137 601 2181 rerum
628 2116 669 2180 ad
696 2115 781 2182 hanc
807 2137 877 2180 rem
904 2118 1015 2180 tamen
1041 2114 1157 2179 idoneo
1216 2182 1219 2187 ,

149 2242 190 2252 -
218 2208 253 2270 te
283 2205 370 2290 ipse,
401 2204 547 2289 inquam,
579 2207 663 2269 teste
691 2204 813 2269 docebo
841 2207 875 2268 te
902 2203 998 2268 huius
1026 2203 1158 2268 circum-

149 2293 303 2360 sessionis
321 2297 398 2358 tuae
416 2315 548 2358 causam
568 2297 603 2357 et
624 2292 754 2377 culpam
776 2293 812 2358 in
835 2291 916 2358 alios
939 2290 1158 2373 transtulisse,

148 2377 252 2466 neque
270 2384 306 2446 in
324 2403 388 2466 eos,
412 2403 493 2465 quos
512 2385 550 2446 tu
566 2380 775 2465 insimularis,
799 2402 870 2445 esse
889 2380 1158 2445 animadversum.

108 2488 134 2529 ιι
149 2469 219 2535 Iam
242 2470 325 2534 nihil
348 2473 382 2534 te
404 2469 558 2534 iudicium
580 2467 720 2535 Neronis
745 2469 885 2534 adiuvat.
925 2468 1053 2551 Recita,
1076 2489 1158 2553 quas

149 2559 191 2624 cd
201 2557 365 2623 Neronem
380 2557 420 2623 lit
421 2561 510 2622 teras
524 2556 623 2621 misit.
651 2557 828 2622 Errsruus
843 2555 877 2622 O.
881 2555 1014 2623 Veners
1028 2574 1076 2621 ιι)
1090 2555 1159 2622 Nn-

148 2665 279 2714 cornu
311 2645 606 2712 Tnnnrsrsconss
621 2663 666 2710 nr
681 2645 884 2712 Tussssuus
902 2682 950 2711 -.
978 2644 1158 2709 Themisto

150 2756 265 2822 goram
280 2738 314 2799 et
326 2733 521 2799 Thessalum
535 2733 650 2799 scribis
665 2735 823 2819 populum
838 2733 1027 2800 concitasse.
1055 2731 1158 2808 Quem

148 2846 213 2909 pop
215 2823 328 2888 ulum?
361 2822 423 2898 Qui
440 2826 473 2887 te
492 2822 707 2906 circumsedit,
727 2823 834 2906 quite
852 2823 963 2887 vivum
981 2820 1158 2886 conburere

108 2929 136 2970 ⁸⁰
149 2915 284 2978 conatus
314 2915 372 2976 cst.
418 2910 485 2976 Ubi
511 2911 572 2975 hos
599 2911 816 2995 persequeris,
843 2910 900 2974 ubi
928 2929 1074 2991 accusas,
1101 2905 1158 2971 ubi

149 3000 332 3065 defendis
322 3021 373 3064 rus
400 3020 582 3082 nomenque
609 2998 775 3085 legati?
765 3021 800 3062 ιιι
826 2995 1012 3062 Philodami
1038 2995 1158 3060 iudicio

149 3088 235 3154 dices
253 3088 287 3152 id
306 3088 436 3153 aetum?
469 3086 555 3153 (ledo
574 3087 683 3151 mrhr
674 3110 707 3172 1
710 3087 776 3151 sius
789 3083 903 3150 Verris
920 3083 1159 3168 testimonium,
1176 3094 1211 3146 84

149 3177 326 3261 videamus,
349 3175 427 3260 quid
443 3175 530 3241 idem
548 3175 638 3239 iste
628 3197 701 3239 rura
702 3178 755 3238 tus
702 3172 902 3238 tdixerit.
934 3173 987 3237 ΑΒ
1010 3188 1159 3237 rccuse-

149 3282 242 3332 'PORE
267 3281 429 3332 Rossrus
451 3281 649 3330 RESPONDIT
671 3281 710 3327 IN
732 3278 802 3328 Hoc
824 3278 958 3328 mmclo
982 3277 1055 3326 NON
1076 3277 1158 3325 PER·

109 3367 135 3410 ⁸⁵
150 3370 253 3431 enom
277 3370 346 3419 s1131
369 3371 406 3418 ιιι
429 3370 539 3419 Ammo
563 3368 660 3434 nssn,
688 3367 769 3416 Auro
793 3366 957 3416 rumores
980 3365 1158 3426 pressum

149 3440 233 3517 Quid
250 3441 353 3526 igitur
372 3446 406 3506 te
424 3441 516 3506 iuvat
534 3401 674 3504 Neronis
692 3437 856 3524 iudicium,
879 3438 957 3523 quid
973 3437 1159 3504 Philodami

149 3530 337 3596 damnatio?
377 3529 522 3615 Legatus
541 3551 614 3594 cum
633 3548 720 3594 esses
744 3525 986 3612 circumsessus,
1011 3549 1157 3614 cumque,
