2576 3882
363 119 431 178 ΜΒ.
450 124 477 178 11
505 123 582 178 cAP.
601 130 705 180 ar-ne
725 130 740 190 s
758 130 871 180 <rr-⁷1.
1054 123 1119 190 225

107 291 179 334 esse
202 267 396 334 nummaria.
438 266 519 333 Post
543 267 583 332 ad
606 269 727 334 amicos
750 269 891 352 rettulit,
916 268 1066 352 quicum
1089 269 1120 336 ei

107 357 248 422 fuissent
267 359 416 422 auctores
439 355 644 422 redimendae
667 357 793 442 salutis,
817 357 858 423 ad
880 357 1119 424 Timarchidem

107 446 207 512 venit.
251 445 420 530 Expositis
448 445 515 510 suis
539 444 786 511 difficultatibus
809 445 975 512 hominem
999 447 1041 512 ad
1062 445 1118 512 HS

106 552 205 600 uxxx
223 534 373 619 perducit
391 555 526 618 eamque
547 533 577 599 ei
595 533 764 619 pecuniam
786 538 946 601 numerat.
987 535 1118 602 Postea·
1128 504 1171 632 id

78 639 208 708 aquam
241 622 283 687 ad
315 644 446 688 causam
479 621 648 710 dicendam
679 627 813 689 ventum
845 627 908 709 est,
940 627 1012 689 tum
1040 645 1117 690 vero

109 711 193 793 [sine
211 713 315 794 metu]
340 711 409 776 sine
433 733 511 776 cura
533 732 644 776 omnes
667 714 767 797 erant,
790 711 846 797 qui
869 709 1044 797 Sopatrum
1067 711 1119 777 de·
1204 721 1207 726 '

107 799 295 866 fendebant.
345 797 476 865 Crimen
506 800 633 866 nullum
666 803 749 884 erat,
780 821 833 865 res
865 804 935 865 erat
967 800 1118 887 iudicata,

106 886 229 954 Verres
247 909 398 954 nummos
418 891 600 974 acceperat3
624 888 696 973 quis
714 891 827 974 posset
847 889 1006 973 dubitare,
1029 888 1118 974 quid-

108 998 186 1041 nam
205 979 292 1042 esset
308 976 478 1042 futurum?
509 976 574 1042 Res
592 976 652 1042 illo
673 976 724 1042 die
746 998 814 1042 non
834 981 1015 1063 peroratur,
1038 977 1118 1041 iudi·

64 1083 95 1124 10
110 1064 197 1130 oium
225 1065 409 1130 dimittitur.
458 1063 583 1130 Iterum
615 1065 656 1130 ad
688 1063 863 1151 Sopatrum
896 1065 1117 1131 Timarchides

108 1153 214 1237 venit,
242 1153 289 1218 ait
317 1157 520 1220 accusatores
548 1154 617 1219 eius
639 1154 744 1219 multo
769 1155 926 1220 maiorem
948 1153 1119 1240 pecuniam

108 1241 256 1328 praetori
267 1242 424 1326 polliceri,
443 1264 541 1326 quam
555 1245 712 1326 quantam
729 1242 783 1308 hic
801 1242 955 1326 dedisset3
973 1241 1119 1327 proinde,
1178 1235 1180 1244 ’

109 1329 139 1394 si
157 1333 297 1415 saperet,
319 1330 444 1396 videret
463 1331 554 1415 [quid
572 1330 636 1396 sibi
655 1334 741 1396 esset
758 1330 964 1412 faciendum}
999 1329 1119 1415 Homo,
1185 1394 1188 1399 .

109 1439 308 1504 quamquam
336 1421 407 1483 erat
434 1422 468 1483 et
492 1416 619 1484 Siculus
647 1422 681 1484 et
707 1441 794 1502 reus,
821 1419 883 1485 hoc
911 1422 962 1484 est
989 1422 1022 1484 et
1048 1418 1118 1484 iure

66 1522 95 1566 15
111 1507 224 1591 iniquo
248 1509 282 1572 et
303 1510 450 1593 tempore
474 1507 623 1591 adverso,
645 1507 730 1572 ferre
752 1511 864 1572 tamen
886 1511 984 1592 atque
1008 1506 1118 1573 audire

109 1596 231 1660 diutius
239 1595 478 1661 Timarchidem
487 1616 554 1660 nou
564 1594 682 1680 potuit.
701 1594 1118 1680 ‘Facite',inquit,‘qu0d

108 1684 224 1768 libet3
251 1685 412 1749 daturus
438 1705 513 1749 non
542 1705 623 1748 sum
648 1681 835 1768 amplius?
880 1682 1034 1767 Idemque
1056 1683 1119 1748 hoc

109 1771 224 1838 amicis
243 1771 312 1838 eius
331 1776 364 1837 et
387 1770 609 1837 defensoribus
632 1771 812 1856 videbatur,
835 1774 933 1856 atque
956 1791 994 1836 eo
1018 1771 1119 1835 etiam
1183 1766 1185 1772 ⁸

109 1861 231 1947 magis,
259 1861 344 1944 quod
370 1859 447 1944 iste,
475 1882 605 1945 quoquo
632 1860 728 1925 modo
753 1881 787 1926 se
809 1858 844 1924 in
867 1881 906 1924 ea
929 1859 1118 1944 quaestione
1184 1901 1185 1908 κ

66 1968 95 2007 20
110 1949 302 2034 praebebat,
334 1950 370 2013 in
400 1949 536 2014 consilio
568 1951 679 2014 tamen
709 1948 853 2013 habebat
883 1947 1032 2013 homines
1059 1947 1118 2012 ho·
1185 1951 1188 1958 '

109 2039 221 2102 nestos
245 2059 262 2102 e
290 2040 451 2103 conventu
473 2034 689 2122 Syracusano,
717 2036 773 2121 qui
795 2035 963 2102 Sacerdoti
990 2057 1118 2120 quoque

109 2125 146 2191 in
172 2124 309 2192 consilio
335 2125 466 2191 fuerant
493 2129 578 2210 tum,
610 2148 683 2191 cum
711 2128 762 2190 est
786 2125 876 2191 idem·
900 2123 953 2190 hio
981 2122 1118 2209 Sopater

110 2214 290 2280 absolutus.
338 2213 410 2280 Hoc
436 2213 573 2279 rationis
600 2213 780 2298 habebant,
808 2213 915 2279 facere
942 2233 998 2278 eos
1025 2213 1117 2277 nullo

109 2302 207 2367 modo
229 2323 336 2388 posse,
357 2305 395 2368 ut
418 2303 531 2367 eodem
554 2302 687 2368 crimine
710 2302 831 2368 eisdem
854 2301 994 2367 testibus
1018 2298 1118 2386 Sopa-

66 2408 95 2449 25
109 2393 199 2455 trum
226 2390 479 2457 condemnarent
504 2390 591 2456 idem
616 2390 778 2475 homines,
806 2390 861 2475 qui
889 2393 985 2455 antea
1013 2389 1119 2454 absol·

108 2479 243 2544 vissent.
275 2478 391 2564 Itaque
406 2479 469 2544 hac
486 2501 552 2544 una
570 2501 627 2564 spe
647 2479 688 2544 ad
705 2479 858 2544 iudicium
876 2477 1014 2544 venitur.
1047 2476 1117 2553 Quo
1138 2487 1171 2539 ⁷1

110 2571 326 2652 posteaquam
349 2571 399 2632 est
422 2571 564 2650 ventum,
587 2589 660 2633 oum
681 2567 717 2631 in
739 2567 910 2632 consilium
932 2565 1118 2650 frequentes
1248 2578 1252 2587 ’

109 2657 336 2721 convenissent
353 2655 448 2740 idem,
471 2656 527 2740 qui
545 2656 703 2738 solebant,
727 2659 760 2720 et
777 2656 839 2722 hac
858 2657 949 2737 [una]
969 2677 1027 2740 spe
1047 2657 1120 2736 tota

110 2742 254 2810 defensio
273 2741 406 2829 Sopatri
422 2743 589 2827 niteretur,
612 2743 741 2810 consilii
757 2743 941 2829 frequentia
961 2747 994 2807 et
1017 2741 1119 2828 digni-

66 2834 190 2916 rotate,
209 2836 243 2896 et
261 2832 347 2917 quod
366 2836 468 2916 erant,
485 2836 523 2896 ut
541 2832 615 2916 dixi,
634 2832 728 2916 idem,
752 2833 808 2916 qui
828 2835 925 2897 antea
943 2828 1119 2916 Sopatrum

110 2919 224 2986 eodem
259 2920 319 2986 illo
355 2920 489 2986 crimine
525 2920 718 3004 liberarant,
755 2919 940 3007 cognoscite
976 2916 1118 2982 hominis

110 3011 259 3093 apertam
281 3031 319 3074 ao
340 3030 407 3075 non
429 3009 525 3080 modo
549 3009 640 3091 [non]
663 3008 803 3093 ratione,
827 3007 883 3075 sed
904 3028 945 3072 ne
969 3005 1119 3071 dissimu-

109 3095 234 3162 latione
253 3097 382 3182 quidem
407 3100 528 3163 tectam
553 3096 788 3180 inprobitatem
811 3099 845 3161 et
867 3094 1043 3160 audaciam.
1074 3093 1118 3160 M.

108 3183 277 3270 Petilium,
305 3186 448 3271 equitem
470 3186 667 3269 Romanum,
696 3205 790 3270 quem
817 3183 962 3248 habebat
986 3183 1023 3246 in
1045 3203 1118 3247 con·

67 3291 96 3333 ⁸5
111 3273 195 3358 silio,
213 3274 305 3340 iubet
319 3296 452 3360 operam
470 3273 661 3359 dara—quod
679 3273 727 3337 rei
743 3271 890 3358 privatae
909 3271 1003 3336 iudex
1023 3274 1117 3335 esset.

109 3361 247 3428 Petilius
278 3362 464 3447 recusabat,
496 3363 583 3447 quod
613 3383 688 3427 suos
717 3361 851 3444 amicos,
883 3381 964 3444 quos
992 3358 1055 3424 sibi
1082 3359 1117 3424 in

109 3449 246 3517 consilio
274 3473 344 3517 esse
369 3453 480 3536 vellet,
507 3452 578 3537 ipse
596 3448 714 3516 Verres
738 3449 892 3514 retineret
914 3449 949 3513 in
972 3446 1107 3514 oonsilio

161 3563 216 3605 010.
230 3565 261 3606 11.
276 3567 295 3607 1.
559 3555 560 3559 ’
870 3559 902 3608 15
