2622 3884
192 206 258 272 406
496 203 535 258 IN
555 203 584 259 Ο.
597 202 752 259 VERREM
769 203 846 258 AOT.
865 204 899 257 11.

195 349 371 433 audaciam,
395 349 580 432 amentiam,
603 346 696 412 iniis
714 347 908 432 praesertim
931 347 1032 413 sacris
1055 347 1204 432 polluen-

194 439 257 521 dis,
289 459 371 522 quae
402 459 469 502 non
496 436 592 502 modo
619 436 770 501 manibus
798 435 932 522 attingi,
963 436 1020 500 sed
1044 457 1087 501 ne
1116 436 1204 521 cogi·

193 526 318 591 tatione
351 524 480 610 quidem
511 524 629 590 violari
659 523 710 590 fas
739 523 812 589 fuit.
862 523 1045 590 Sacrarium
1073 522 1203 588 Cereris

194 618 245 680 est
281 613 368 700 apud
399 612 588 678 Catinenses
620 613 732 678 eadem
763 611 935 699 religione,
973 634 1037 695 qua
1067 611 1203 697 Romae,

194 725 258 787 qua
276 724 311 767 m
329 701 445 769 ceteris
463 702 553 786 locis,
577 723 641 786 qua
658 721 760 786 propo
777 700 813 765 in
832 704 904 766 toto
929 701 1007 766 orbe
1029 704 1227 766 terrarums

192 792 232 856 ln
264 812 302 856 eo
335 790 476 856 sacrario
508 789 624 855 intimo
655 789 784 874 signum
811 788 876 854 fuit
903 786 1030 854 Cereris
1056 789 1202 873 paranti·
1290 835 1291 880 ,

194 901 307 965 quum,
335 879 421 963 quod
443 877 505 943 viri
527 899 593 942 non
615 877 711 943 modo
735 877 824 942 cuius
847 877 937 942 modi
958 880 1057 961 esset,
1079 877 1138 942 sed
1159 899 1202 943 ne
1290 883 1291 890 ’

194 989 264 1034 esse
296 966 426 1052 quidem
457 965 617 1051 sciebant;
649 966 756 1031 aditus
786 965 872 1031 enim
898 965 995 1030 inid
1021 965 1202 1031 sacrarium

192 1077 259 1121 non
286 1059 336 1121 est
363 1055 456 1138 viris;
483 1076 576 1120 sacra
602 1075 661 1140 per
682 1054 834 1119 mulieres
858 1075 895 1119 ac
917 1053 1061 1140 virgines
1084 1054 1202 1121 confici

193 1144 309 1209 solent.
353 1141 425 1208 Hoc
452 1141 582 1228 signum
608 1145 707 1208 noctu
734 1142 819 1208 clam
845 1142 941 1207 istius
970 1142 1056 1208 servi
1079 1163 1117 1206 ex
1139 1143 1200 1208 illo
1216 1164 1240 1204 11
1291 1204 1292 1245 ,

192 1232 440 1318 religiosissimo
481 1234 579 1315 atque
616 1230 842 1314 antiquissimo
879 1231 950 1296 loco
988 1231 1201 1296 sustulerunt.
1291 1247 1292 1312 ᾗ

191 1319 353 1386 Postridie
368 1318 550 1383 sacerdotes
565 1316 691 1384 Cereris
710 1323 808 1404 atque
825 1319 914 1383 illius
933 1317 1002 1384 fani
1021 1318 1200 1402 antistitae,

122 1437 124 1442 ·
192 1407 331 1473 maiores
358 1410 452 1491 natu,
479 1407 637 1492 probatae
663 1429 701 1473 ac
721 1407 848 1472 nobiles
873 1407 1037 1492 mulieres,
1065 1429 1134 1472 rem
1158 1407 1201 1472 ad

151 1511 157 1522 '
191 1495 405 1582 magistratus
434 1515 510 1560 suos
539 1494 696 1560 deferunt.
737 1495 894 1560 Omnibus
923 1496 1088 1579 acerbum,
1117 1495 1199 1560 indi-

139 1597 190 1648 100
214 1605 327 1670 guum,
349 1585 534 1649 luctuosum
557 1583 693 1667 denique
713 1582 893 1649 videbatur.
933 1582 1017 1648 Tum
1039 1583 1103 1649 iste
1125 1604 1239 1668 per-1⁵
1284 1570 1293 1658 ¹l

191 1676 300 1737 motus
327 1671 387 1736 illa
409 1672 583 1738 atrocitate
604 1671 744 1758 negotii,
770 1676 809 1736 ut
830 1672 872 1738 ab
896 1693 931 1736 ae
953 1671 1084 1739 sceleris
1106 1672 1198 1737 illius
1292 1665 1293 1680 ¹

191 1759 332 1846 suspicio
348 1760 581 1844 demoveretur,
599 1760 656 1825 dat
668 1759 792 1845 hospiti
806 1781 865 1826 suo
879 1759 1006 1825 cuidam
1019 1760 1199 1847 negotium,

190 1852 228 1913 ut
255 1849 395 1933 aliquem
422 1848 593 1932 reperiret,
619 1870 716 1932 quem
740 1848 823 1912 illud
845 1847 961 1914 fecisse
983 1848 1198 1934 insimularet,

190 1936 345 2021 daretque
378 1958 523 2020 operam,
554 1939 592 2001 ut
618 1936 646 2001 is
675 1958 713 2002 eo
741 1936 875 2003 crimine
903 1937 1125 2020 damnaretur,
1156 1959 1198 2003 ne
1293 1936 1294 2000 1

189 2025 259 2111 ipse
278 2027 366 2090 esset
386 2024 420 2088 111
444 2024 585 2090 erimine.
625 2023 691 2089 Res
713 2046 779 2090 non
801 2026 1068 2110 procrastinatur.
1109 2024 1198 2091 Nam
1212 2048 1237 2086 a
1291 2033 1294 2058 ⁴

189 2135 263 2178 cum
302 2113 366 2176 iste
403 2110 521 2177 Catina
560 2112 725 2198 profectus
767 2116 866 2197 esset,
907 2112 994 2178 servi
1030 2113 1198 2179 cuiusdam

188 2222 308 2265 nomen
321 2199 477 2284 defertur,
495 2201 524 2264 is
539 2205 718 2286 accusatur,
734 2201 805 2265 ficti
817 2204 919 2266 testes
932 2201 968 2266 in
981 2223 1055 2266 eum
1069 2203 1197 2268 dantur.

188 2287 270 2352 Ram
299 2291 433 2354 cunctus
461 2293 593 2354 senatus
617 2288 838 2355 Catinensium
865 2289 994 2376 legibus
1022 2290 1197 2356 iudicabat

189 2373 379 2441 Sacerdotes
398 2380 569 2462 vocantur3
592 2377 690 2442 exiis
709 2377 875 2462 quaeritur
894 2380 1017 2443 secreto
1038 2379 1074 2443 in
1097 2379 1197 2462 curia,

189 2463 267 2548 quid
303 2485 373 2529 esse
408 2463 532 2531 factum
569 2465 819 2550 arbitrarentur,
858 2487 953 2550 quem
989 2465 1031 2531 ad
1063 2467 1197 2533 modum
1211 2487 1236 2528 2⁵

189 2552 319 2636 signum
340 2557 426 2617 esset
449 2553 605 2618 ablatum.
645 2553 854 2637 Respondent
876 2554 954 2620 illae
975 2554 1137 2640 praetoris
1161 2555 1198 2620 in

188 2661 226 2706 eo
245 2640 317 2706 loco
337 2661 448 2707 servos
472 2662 543 2706 esse
566 2641 663 2706 visos.
699 2641 774 2726 Res,
798 2663 880 2727 quae
901 2645 987 2709 esset
1009 2642 1075 2708 iam
1099 2647 1198 2708 antea

187 2749 254 2794 non
285 2729 436 2814 obscura,
468 2729 673 2795 sacerdotum
704 2730 892 2796 testimonio
924 2730 1094 2816 perspicua
1124 2753 1196 2798 esse

187 2816 302 2902 coepit.
342 2817 414 2882 Itur
435 2817 470 2881 in
493 2817 679 2902 consilium,
702 2839 813 2883 servus
834 2819 892 2884 illa
915 2819 1068 2885 innocens
1092 2821 1197 2885 omni·

186 2904 247 2969 bus
261 2905 431 2970 sententiis
446 2904 637 2990 absolvitur,
651 2915 715 2990 quo
729 2906 857 2972 facilius
871 2929 930 2973 vos
943 2906 1029 2973 hunc
1043 2909 1195 2974 omnibus
1209 2929 1235 2968 ao

135 3002 185 3053 rol
206 2993 375 3058 sententiis
399 2992 611 3058 condemnare
634 2995 778 3078 possitis.
821 2993 904 3070 Quid
928 2996 1013 3060 enim
1035 2997 1196 3080 postulas,

186 3079 328 3146 Verres?
365 3080 443 3165 quid
471 3102 595 3166 speras,
627 3082 705 3166 quid
732 3087 895 3168 expectas,
924 3105 1019 3168 quom
1046 3084 1110 3149 tibi
1138 3090 1196 3151 aut

186 3168 282 3233 doum
305 3172 362 3233 aut
384 3168 549 3234 hominem
572 3169 692 3235 auxilio
714 3170 862 3236 futurum
883 3172 1002 3255 putas?
1043 3172 1136 3238 Eone
1157 3178 1195 3239 tu

186 3277 297 3321 servos
318 3256 360 3321 ad
382 3257 588 3342 spoliandum
610 3257 723 3324 fanum
745 3259 912 3325 inmittere
935 3281 1032 3325 ausus
1056 3282 1104 3346 es,
1129 3283 1193 3346 quo

185 3343 307 3408 liberos
331 3343 419 3409 adire
441 3366 482 3409 ne
506 3345 620 3411 orandi
642 3347 772 3430 quidem
795 3368 893 3412 causa
914 3348 964 3412 fas
989 3349 1081 3414 erat?
1109 3348 1232 3415 11111111

185 3429 282 3494 rebus
310 3452 425 3496 manus
454 3431 579 3498 adferre
605 3455 672 3499 non
700 3434 870 3518 dubitasti,
898 3457 918 3500 a
946 3435 1063 3519 quibus
1092 3436 1193 3502 etiam

184 3516 296 3580 oculos
310 3516 461 3582 cohibere
475 3523 508 3583 te
526 3520 723 3605 religionum
741 3522 813 3588 iura
830 3523 1014 3608 cogebant?
1046 3523 1193 3590 Tametsi
