2622 3884
193 199 258 265 366
493 195 533 251 IN
553 194 582 251 C.
596 193 751 252 VERREM
769 193 847 250 AGT.
867 195 901 249 ll.

191 365 270 410 usus
298 347 350 409 est
376 343 418 410 ad
440 341 724 423 commodandum,
751 337 799 406 sic
820 338 891 426 ipse
915 339 1055 426 diligens
1076 338 1141 406 fuit
1163 339 1210 404 ad

191 433 432 518 reportandum.
490 429 604 515 Nuper
644 428 792 495 homines
832 428 961 494 nobiles
1002 429 1071 493 eius
1107 427 1210 512 modi,

191 522 312 587 iudices
331 557 374 570 —
393 518 450 587 sed
468 519 546 604 quid
565 518 635 584 dico
655 516 807 603 ‘nuper'f
830 516 932 583 immo
951 538 1027 583 vero
1047 517 1144 582 modo
1168 538 1210 583 ac

190 611 288 695 plane
306 610 404 695 paulo
427 612 502 674 ante
525 606 674 692 vidimus,
697 606 754 690 qui
774 605 883 671 forum
900 609 940 671 et
961 604 1116 671 basilicas
1139 626 1209 671 non

191 699 304 784 spoliis
347 697 578 781 rorinoiarum,
602 696 658 761 sed
681 693 881 760 ornamentis
905 694 1098 777 amicorum,
1121 715 1233 760 com-s

191 788 296 854 modis
324 723 503 871 llospitum,
530 806 597 850 non
621 783 718 850 furtis
742 783 929 849 nocentium
953 785 1122 866 ornarent3
1150 782 1208 866 qui

191 880 302 942 tamen
330 876 425 963 signu
452 878 550 959 atque
578 875 768 938 ornamenta
795 893 855 938 sua
880 872 994 957 cuique
1017 871 1209 954 reddebant,

190 987 257 1032 non
289 965 403 1031 ablata
434 985 473 1029 ex
504 962 640 1028 urbibus
672 961 834 1026 sociorum
867 962 978 1044 [atque
1011 961 1206 1041 amicorum]

192 1054 363 1139 quadridui
390 1073 488 1118 causa
514 1071 573 1137 per
600 1049 841 1115 simulationem
870 1048 1048 1115 aedilitatis
1072 1049 1208 1114 domum

156 1143 305 1208 udeinde
327 1145 425 1226 utque
448 1140 490 1206 ad
512 1159 588 1205 suas
611 1137 707 1212 villas
732 1137 932 1204 auferebant.
973 1136 1062 1202 Haeo
1086 1139 1248 1223 omnia,1o

192 1254 274 1317 quae
303 1230 382 1314 dixi,
410 1229 517 1314 signa,
544 1225 678 1311 iudices,
707 1226 748 1291 ub
771 1225 855 1292 Heio
879 1248 896 1291 e
923 1225 1066 1292 sacrario
1083 1223 1207 1291 Verres

191 1319 344 1402 abstulit3
366 1317 507 1399 nullum,
530 1315 676 1400 inquam,
698 1313 815 1380 horum
833 1314 968 1400 reliquit
987 1335 1093 1398 neque
1116 1314 1208 1379 aliud

191 1409 296 1472 ullum
314 1409 426 1470 tamen
447 1406 578 1491 praeter
600 1425 702 1468 unum
723 1407 875 1488 pervetus
898 1403 1054 1490 ligneum,
1077 1401 1208 1468 Bonam
1295 1451 1296 1454 ,

190 1495 380 1578 Fortunam,
397 1497 435 1558 ut
450 1493 579 1578 opinor3
598 1513 670 1558 eam
683 1491 746 1557 iste
760 1492 880 1558 habere
895 1491 983 1558 domi
997 1513 1074 1557 suae
1088 1492 1208 1556 noluit.
1295 1491 1296 1548 ἶ

41 1592 52 1669 '¹,
155 1574 178 1637 4
257 1583 322 1649 Ρ10
342 1582 436 1648 deum
454 1581 687 1664 hominumque
708 1580 818 1645 fidem!
841 1579 917 1665 quid
939 1579 1002 1646 hoc
1025 1580 1098 1646 est?
1122 1601 1207 1664 quse
1223 1600 1247 1642 1⁵
1295 1569 1296 1622 l

55 1694 68 1788 p
190 1673 271 1740 haec
285 1692 383 1738 causa
397 1674 456 1753 est,
475 1691 557 1754 quae
574 1669 641 1734 ista
658 1668 870 1754 inpudentia?
903 1668 991 1744 Quae
1010 1669 1082 1734 dico
1101 1669 1207 1755 signa,

192 1766 268 1828 ante
296 1782 394 1845 quam
421 1759 480 1824 abs
508 1760 541 1823 te
569 1758 701 1822 sublata
727 1761 816 1843 sunt,
843 1755 1026 1823 Messanam
1049 1779 1124 1822 cum
1147 1758 1207 1822 im·

191 1850 282 1937 perio
314 1870 409 1914 nemo
441 1846 532 1913 venit
565 1846 643 1930 quin
674 1845 796 1911 viserit.
845 1845 910 1912 Tot
939 1849 1122 1931 praetores,
1154 1850 1208 1911 tot

126 1977 128 1980 ·
191 1939 340 2006 consules
366 1938 402 2002 in
425 1934 537 2002 Sicilia
562 1957 636 2000 cum
662 1933 698 1999 in
721 1955 814 2020 pace,
840 1937 912 2000 tum
935 1934 1035 1999 etiam
1057 1934 1092 1999 in
1114 1934 1206 1999 bello

190 2028 335 2112 fuerunt,
361 2029 414 2091 tot
440 2024 589 2090 homines
616 2022 770 2106 cuiusque
797 2022 885 2088 modi
912 2019 993 2110 (non
1020 2023 1137 2107 loquor
1166 2023 1207 2089 de
1220 2043 1245 2084 ro

190 2117 342 2202 integris,
369 2112 609 2197 innocentibus,
635 2107 824 2197 religiosis),
850 2115 903 2176 tot
925 2110 1046 2196 cupidi,
1070 2115 1123 2177 tot
1144 2111 1207 2176 im-

190 2204 296 2289 probi,
318 2205 370 2269 tot
393 2201 539 2286 audaces,
564 2221 701 2285 quorum
723 2220 819 2264 nemo
843 2198 907 2264 sibi
928 2202 999 2264 tom
1021 2199 1207 2286 vehemens,

191 2298 261 2357 tam
279 2295 406 2375 potens,
427 2292 498 2356 tam
515 2289 636 2355 nobilis
654 2287 744 2353 visus
762 2291 822 2372 ost,
845 2287 901 2372 qui
919 2309 959 2352 ex
975 2287 1036 2353 1110
1060 2288 1206 2354 sacrario

193 2380 365 2464 quicquam
396 2399 528 2463 poscere
555 2381 613 2443 aut
639 2377 755 2442 tollere
782 2380 840 2441 aut
867 2375 1030 2463 attingere
1057 2376 1207 2461 auderet;

191 2468 320 2552 Verres,
340 2466 427 2552 quod
443 2466 564 2550 ubique
583 2465 645 2530 erit
662 2464 928 2550 pulcherrimum,
951 2463 1098 2531 auferet?
1120 2464 1205 2530 nihil
1220 2485 1246 2526 11

191 2557 312 2622 hebere
330 2555 481 2640 cuiquem
503 2557 672 2638 praeterea
693 2551 827 2619 licebit?
850 2557 902 2618 tot
925 2553 1039 2619 domus
1062 2553 1206 2638 locuple-

191 2645 337 2711 tissimas
375 2644 490 2709 domus
529 2642 625 2709 istius
663 2663 729 2706 una
764 2641 892 2724 capiet?
946 2641 1070 2708 Idcirco
1107 2662 1205 2708 nemo
1294 2633 1295 2666 ³

193 2734 395 2818 superiorum
424 2731 549 2818 attigit,
576 2734 614 2796 ut
635 2730 690 2795 hic
711 2729 866 2795 tolleret?
897 2729 969 2795 ideo
994 2727 1028 2796 Ο.
1047 2729 1206 2813 Claudius

191 2823 331 2889 Pulcher
350 2821 488 2903 rettulit,
510 2823 548 2884 ut
567 2817 600 2885 (1.
614 2818 734 2884 Verres
753 2822 864 2902 posset
883 2817 1060 2883 auferrefs
1067 2818 1115 2883 At
1137 2840 1206 2886 non

192 2910 380 2996 requirebat
397 2909 454 2974 ille
472 2906 597 2992 Cupido
621 2906 747 2972 lenonis
770 2906 902 2973 domum
925 2928 963 2972 ao
985 2907 1206 2974 meretriciam
1220 2925 1245 2967 ao
1294 2899 1295 2943 l

193 2999 412 3084 disciplinam,
442 2995 538 3062 facile
569 2996 628 3060 illo
657 2995 800 3060 sacrario
826 2995 934 3080 patrio
963 2995 1206 3082 continebatur3

191 3088 276 3153 Heio
305 3109 339 3152 10
363 3108 383 3151 a
410 3084 587 3151 maioribus
610 3083 759 3150 relictum
784 3105 853 3149 0110
877 3083 1001 3149 sciebat
1022 3082 1058 3147 in
1080 3082 1206 3150 heredi·

192 3180 261 3242 tate
285 3196 465 3259 sacrorum,
487 3195 554 3238 non
576 3173 753 3257 quaerebat
775 3172 955 3238 meretricis
977 3171 1140 3239 heredem.

157 3274 174 3323 1
260 3262 323 3329 Sed
341 3263 419 3347 quid
437 3283 498 3348 ego
518 3265 587 3326 tam
605 3259 814 3326 vehementer
833 3260 992 3326 invehor?
1014 3260 1116 3326 verbo
1140 3284 1206 3328 uno

192 3352 342 3437 repellar.
383 3349 491 3423 ‘Emit
512 3348 626 3433 inquit.
667 3347 705 3432 O,
728 3348 760 3413 di
777 3347 979 3435 inmortales
1000 3349 1206 3434 praeclaram
1219 3365 1245 3410 ss

192 3438 425 3503 defensionem!
461 3437 676 3502 Mercatorem
694 3437 729 3501 in
745 3437 947 3522 provinciam
970 3458 1043 3503 cum
1065 3437 1206 3523 imperio

192 3547 231 3590 ac
249 3524 415 3590 securibus
434 3524 592 3610 misimus,
611 3524 720 3590 01111111
738 3524 794 3609 qui
812 3525 916 3611 signa,
938 3525 1070 3592 tabulas
1088 3527 1206 3614 pictas,
