2504 3876
171 228 238 294 422
468 225 507 282 m
526 225 555 282 c.
574 225 728 280 vesunu
746 225 826 284 scu.
843 225 879 282 u

172 374 309 440 Verrem
337 372 562 437 decerneretur
588 371 623 436 in
650 393 689 437 ea
714 373 818 456 curia,
844 371 879 436 in
906 394 974 457 qua
1002 374 1195 440 inauratam

122 481 172 532 1³9
191 459 225 528 O.
245 459 358 525 Verris
386 463 531 526 statuam
557 460 708 526 viderem.
753 457 846 536 Quod
868 464 1103 546 posteaquam
1128 463 1195 546 dixi,

172 553 284 615 tantus
304 552 354 614 est
373 549 513 636 gemitus
531 547 638 615 factus
657 549 813 634 adspectu
836 552 966 614 statuae
991 554 1030 615 et
1056 574 1195 617 comme

172 637 368 722 moratione,
398 641 437 702 ut
467 637 550 702 illud
581 638 618 703 in
647 638 737 704 ouria
763 637 907 723 positum
935 645 1194 706 monumentum

172 726 343 812 scelerum,
374 747 440 792 non
469 726 698 792 beneficiorum
724 726 897 792 videretur.
947 725 1038 792 'lum
1070 751 1138 814 pro
1166 751 1212 793 ses

172 814 318 900 quisque,
340 818 499 899 quantum
517 814 651 881 dicendo
673 815 807 899 adsequi
829 818 970 900 poterat,
995 815 1125 882 docere
1149 840 1195 882 me

173 904 281 988 coepit
308 924 360 987 ea,
388 925 470 988 quae
491 903 591 989 paulo
615 907 690 969 ante
713 903 977 987 commemoravi,
1008 907 1195 989 spoliatam

173 993 300 1075 urbem,
332 991 410 1058 fana
441 991 581 1076 direpta,
615 991 653 1057 de
680 991 825 1057 Heraclii
856 991 1059 1078 hereditate,
1098 1017 1195 1080 quam

172 1081 374 1165 palaestritis
388 1080 609 1165 concessisset,
622 1080 727 1146 multo
741 1080 917 1146 maximam
930 1084 1070 1165 partem
1086 1083 1195 1168 ipsum

174 1169 361 1253 abstulisse;
392 1189 497 1252 neque
524 1168 756 1254 postulandum
783 1169 896 1253 fuisse,
924 1172 963 1233 ut
989 1169 1053 1234 ille
1085 1172 1220 1256 palaea

174 1259 287 1322 atritas
307 1256 478 1343 diligeret,
490 1256 546 1341 qui
563 1257 664 1323 etiam
680 1255 884 1323 inventorem
907 1256 971 1321 olei
995 1257 1105 1324 deum
1130 1283 1194 1325 sus·

172 1346 318 1430 tulisset3
340 1367 444 1430 neque
461 1345 555 1410 illam
573 1349 717 1411 statuam
735 1365 805 1412 esse
828 1366 868 1410 ex
889 1345 1031 1430 pecunia
1053 1349 1194 1432 publica

172 1455 276 1517 neque
305 1433 434 1518 publice
462 1433 586 1517 datam,
618 1433 675 1498 sed
702 1455 770 1518 eos,
802 1433 859 1517 qui
885 1433 1087 1500 hereditatis
1119 1437 1193 1501 diri-

172 1521 308 1607 piendae
330 1521 507 1607 participes
529 1519 681 1605 fuissent,
704 1520 886 1587 faciendam
909 1523 1192 1610 statuendamque

173 1630 316 1694 curasse3
339 1609 469 1676 eosdem
487 1609 611 1674 Romae
629 1609 730 1675 fuisse
748 1610 885 1696 legatos,
907 1609 997 1674 illius
1019 1611 1218 1678 adiutoresu

172 1698 410 1784 improbitatis,
444 1699 549 1763 socios
579 1697 756 1782 furtorum,
788 1697 934 1763 conscios
965 1697 1191 1784 flagitiorum

173 1808 211 1852 eo
239 1788 345 1852 miuus
372 1787 485 1853 mirari
512 1806 565 1851 me
592 1790 755 1870 oportere,
782 1786 811 1850 si
833 1786 884 1851 illi
906 1789 1078 1852 communi
1104 1789 1192 1876 lega·

119 1880 282 1994 63torum
304 1875 468 1941 voluntati
491 1877 524 1938 et
547 1874 647 1939 saluti
670 1872 799 1940 Siciliae
822 1874 1010 1940 defuissent.

121 2007 172 2056 140
239 1963 306 2030 Ubi
337 1985 449 2030 eorum
481 1962 626 2028 dolorem
654 1983 693 2027 ex
719 1963 808 2029 illius
834 1963 961 2028 iniuriis
987 1985 1060 2028 non
1092 1967 1190 2031 modo

172 2074 239 2118 non
270 2052 442 2136 minorem,
473 2051 530 2116 sed
555 2072 658 2136 prope
685 2051 842 2117 maiorem
869 2073 968 2136 quam
996 2049 1189 2120 Siculorum
1201 2073 1215 2111 u

172 2144 353 2206 ceterorum
376 2160 447 2206 esse
470 2139 620 2227 cognovi,
645 2143 717 2204 tum
738 2161 847 2206 meum
870 2140 1015 2205 animum
1039 2141 1078 2206 in
1103 2143 1190 2226 illos,

172 2233 243 2294 tum
275 2229 339 2295 mei
371 2227 499 2294 consilii
530 2227 719 2314 negotiique
748 2229 849 2293 totius
878 2227 1023 2312 suscepti
1050 2252 1189 2296 causam

172 2317 397 2400 rationemque
411 2316 575 2401 proposui,
591 2320 662 2381 tum
677 2337 731 2382 eos
745 2316 896 2382 hortatus
911 2338 993 2400 sum,
1011 2321 1052 2381 ut
1066 2340 1188 2384 causae

173 2404 337 2472 communi
356 2405 519 2488 salutique
535 2426 577 2469 ne
596 2405 753 2489 deessent,
775 2408 813 2470 ut
832 2405 926 2470 illam
948 2405 1188 2490 laudationem,
1218 2441 1222 2449 ¹

172 2514 271 2578 quam
298 2513 333 2558 se
358 2493 393 2558 vi
420 2515 458 2559 ac
484 2496 574 2558 metu
601 2497 730 2559 coactos
757 2494 869 2577 paucis
896 2493 962 2557 illis
991 2492 1114 2560 diebus
1139 2497 1214 2560 deu

172 2603 277 2648 cresse
300 2581 460 2663 dicebant,
482 2582 646 2646 tollerent.
686 2580 810 2666 Itaque,
832 2581 961 2664 iudices,
984 2578 1188 2665 Syracusani

171 2671 252 2736 haec
282 2670 420 2753 faciunt,
455 2669 551 2734 istius
583 2669 717 2735 clientes
750 2673 847 2753 atque
879 2669 982 2735 amici.
1033 2669 1187 2737 Primum

172 2760 253 2824 mihi
275 2760 403 2824 litteras
425 2758 587 2843 publicas,
613 2779 693 2842 quas
715 2759 750 2822 in
773 2758 898 2824 aerario
921 2757 1088 2823 sanctiore
1114 2783 1186 2826 con-

172 2849 258 2913 ditas
276 2848 451 2931 habebant,
472 2845 655 2932 proferunt3
677 2847 711 2910 iu
730 2845 847 2929 quibus
866 2845 1042 2912 ostendunt
1061 2850 1186 2933 omnia,

172 2960 254 3021 quae
273 2937 340 3001 dixi
358 2936 470 3000 ablata
488 2955 567 3018 esse,
584 2935 765 3019 perscripta
783 2938 816 2999 et
833 2935 929 3019 plura
948 2934 1058 3020 etiam,
1083 2955 1213 3021 querna

172 3046 233 3111 ego
253 3024 345 3110 potui
365 3024 484 3107 dicere3
506 3023 687 3107 perscripta
710 3026 819 3088 autem
842 3023 903 3088 hoc
926 3022 1037 3087 modo:
1062 3021 1185 3100 ‘Quod

172 3136 215 3178 ex
245 3113 337 3178 aede
364 3112 560 3177 Minervas
587 3111 658 3176 hoc
686 3115 724 3176 et
750 3110 851 3175 illud
878 3111 1048 3195 abesset,
1082 3115 1184 3197 quod

172 3222 217 3264 ex
235 3200 327 3264 aede
341 3200 460 3282 Iovis,
479 3198 577 3283 quod
596 3221 639 3263 ex
657 3199 747 3264 aede
761 3197 904 3264 Liberi'
923 3234 965 3245 -
984 3201 1022 3264 ut
1043 3202 1184 3287 quisque

170 3286 212 3348 iis
232 3286 329 3348 rebus
351 3287 480 3350 tuendis
504 3286 793 3369 conservandisque
815 3287 1014 3371 praefuerat,
1038 3287 1090 3354 ita
1114 3313 1183 3376 per·
1225 3353 1226 3356 ,

172 3369 330 3452 scriptum
349 3377 420 3435 erat
440 3407 479 3419 -
501 3371 594 3437 ‘cum
615 3374 807 3438 rationem
826 3396 843 3438 e
862 3375 948 3460 lege
971 3371 1226 3445 redderent³⁵¹

172 3459 223 3536 et,
242 3477 338 3538 quae
357 3463 598 3541 acceperant,
620 3460 776 3524 tradere
795 3460 992 3547 deberent,
1015 3467 1183 3552 petisse,

172 3543 214 3603 ut
241 3541 330 3620 sibi,
363 3543 462 3622 quod
489 3564 554 3606 eae
582 3566 643 3608 res
671 3547 866 3634 abessent,
893 3550 1183 3638 ignosceretur3
