2622 3884
345 167 413 222 mn
432 168 471 222 iv
504 166 583 222 cue,
602 124 706 222 ss-sr
726 173 741 232 s
762 173 909 222 ias-128.
1066 167 1131 230 417
1192 170 1195 174 ’

122 313 218 378 erant
232 310 301 377 eius
315 311 412 396 modi,
430 314 467 376 ut
482 311 581 376 semel
595 311 715 376 vidisse
730 311 810 376 satis
826 310 949 397 esset]),
967 311 1002 375 in
1017 311 1133 394 quibus

122 423 228 484 neque
247 399 486 466 manufactum
508 401 681 484 quicquam
704 421 807 485 neque
830 400 1039 485 pulchritudo
1063 403 1135 465 erat

123 490 207 574 ulla,
235 488 291 554 sed
319 493 448 554 tantum
476 488 668 574 magnitudo
691 488 903 573 incredibilis,
932 489 971 554 de
995 510 1059 574 qua
1081 487 1134 552 vel

125 577 236 644 audire
265 578 346 643 satis
375 580 473 660 esset,
505 577 642 641 nimium
668 576 776 642 videre
803 579 878 662 plus
907 599 1005 662 quam
1033 577 1133 641 semel

97 683 171 724 ⁶-
194 667 294 731 etiam
316 665 350 730 id
372 665 574 750 concupisti?
672 705 674 707 -

190 755 277 820 Nam
300 752 446 840 Sappho,
475 775 556 838 quae
580 753 711 819 sublata
735 753 774 819 de
796 755 948 839 prytanio
973 757 1036 838 est,
1060 754 1116 819 dat
1137 721 1187 847 ἐξ

124 843 188 909 tibi
201 844 323 908 iustam
337 843 586 926 excusationem,
603 864 705 927 prope
723 846 761 907 ut
778 842 1017 908 concedendum
1036 845 1134 926 atque

124 931 357 1018 ignoscendum
372 953 442 996 esse
455 930 613 996 videatur.
645 928 821 996 Silanionis
835 952 918 1016 opus
936 934 1005 996 tam
1024 953 1096 1015 per·
1111 935 1187 1004 (126)

123 1020 259 1105 fectum,
286 1024 356 1085 tam
379 1021 525 1106 elegans,
551 1023 621 1084 tam
645 1019 850 1085 elaboratum
873 1019 1045 1104 quisquam
1068 1039 1135 1082 non

84 1127 111 1167 ιο
125 1109 223 1175 modo
237 1109 395 1194 privatus,
414 1108 470 1172 sed
483 1108 623 1193 populus
638 1107 746 1191 potius
762 1108 900 1173 haberet
918 1130 1016 1193 quam
1034 1106 1135 1172 homo

126 1197 389 1284 elegantissimus
408 1200 505 1281 atque
524 1196 771 1282 eruditissimus,
788 1195 931 1280 Verres?
970 1195 1134 1260 Nimirum

125 1292 240 1352 contra
259 1286 322 1351 dici
339 1286 422 1350 nihil
440 1288 558 1370 potest.
593 1283 753 1350 Nostrum
773 1285 859 1349 enim
882 1307 965 1350 unus
990 1285 1134 1368 quisque,

126 1375 183 1459 qui
204 1380 274 1441 tam
296 1375 399 1458 beati,
427 1396 524 1458 quam
546 1373 610 1438 iste
634 1377 697 1457 est,
724 1395 791 1439 non
815 1395 938 1457 sumus,
966 1376 1035 1438 tam
1059 1372 1135 1437 deli-

126 1463 192 1528 cati
211 1485 365 1529 essenon
383 1483 565 1547 possumus,
589 1462 618 1526 si
637 1462 765 1545 quando
785 1461 909 1546 aliquid
927 1461 1023 1527 istius
1047 1461 1137 1526 modi

87 1569 113 1610 1⁵
126 1553 236 1617 videre
249 1553 348 1635 volet,
367 1554 422 1616 eat
436 1551 477 1616 ad
496 1550 608 1615 aedem
621 1549 811 1634 Felicitatis,
831 1551 872 1615 ad
890 1553 1135 1616 monumentum

126 1639 245 1723 Catuli,
263 1641 299 1704 in
315 1641 478 1725 porticum
497 1638 632 1722 Metelli,
652 1637 706 1702 det
724 1660 866 1723 operam,
886 1642 924 1702 ut
943 1638 1136 1703 admittatur

125 1729 160 1792 in
186 1729 321 1794 alicuius
343 1728 483 1792 istorum
506 1726 738 1810 Tusculanum,
766 1730 890 1812 spectet
911 1726 1020 1791 forum
1044 1748 1136 1792 orna·

125 1820 206 1902 tum,
226 1818 254 1881 si
269 1817 422 1901 quidiste
442 1837 574 1881 suorum
593 1815 752 1880 aedilibus
770 1814 998 1898 commodarit3
1015 1813 1135 1879 Verres

125 1906 207 1972 haec
229 1904 350 1970 habeat
374 1905 474 1988 domi,
498 1903 616 1969 Verres
640 1903 839 1968 ornamentis
862 1903 1014 1967 fanornm
1038 1906 1135 1987 atque

86 2011 113 2050 2⁰
128 1993 320 2078 oppidorum
356 1993 477 2058 habeat
512 1993 643 2078 plenam
679 1989 823 2075 domum,
859 1992 956 2056 villas
989 1990 1136 2056 refertas.

127 2081 280 2148 Etiamne
298 2083 395 2147 huius
415 2081 556 2166 operarii
574 2080 683 2145 studia
702 2102 739 2145 ac
758 2079 899 2164 delicias,
916 2079 1047 2163 iudices,
1065 2098 1141 2164 per·

127 2171 262 2236 feretis?
287 2171 343 2256 qui
365 2170 414 2234 ita
435 2173 545 2253 natus,
568 2169 617 2233 ita
640 2169 793 2233 educatus
818 2171 880 2250 est,
903 2168 952 2232 ita
973 2167 1080 2232 factus
1104 2171 1136 2232 et

128 2259 238 2324 animo
271 2263 304 2324 et
335 2279 484 2343 corpore,
515 2261 552 2322 ut
584 2257 688 2322 multo
722 2255 903 2340 adpositior
935 2256 976 2321 ad
1004 2256 1137 2320 ferenda

129 2370 226 2432 quam
246 2348 287 2412 ad
306 2346 479 2412 auferenda
498 2346 598 2430 signa
620 2366 690 2409 esse
713 2344 870 2410 videatur.
906 2344 1015 2429 Atque
1038 2345 1119 2410 haec
1139 2355 1189 2406 127

87 2452 114 2494 2⁶
129 2434 261 2521 Sappho
299 2436 430 2500 sublata
462 2437 620 2519 quantum
652 2432 845 2498 desiderium
878 2433 928 2498 sui
959 2433 1137 2518 reliquerit,

129 2525 192 2590 dici
223 2525 278 2591 vix
310 2526 429 2609 potest.
478 2521 564 2587 Nam
596 2544 669 2588 cum
696 2522 768 2606 ipsa
792 2521 857 2586 fuit
883 2522 1014 2608 egregie
1040 2523 1138 2606 facta,

128 2617 201 2679 tum
232 2613 434 2698 epigramma
464 2610 623 2676 Graecum
654 2611 822 2695 pernobile
853 2610 991 2676 incisum
1025 2613 1075 2675 est
1103 2611 1137 2674 in

128 2701 210 2784 basi,
235 2702 320 2784 quod
340 2701 403 2764 iste
427 2699 571 2764 eruditus
594 2699 693 2763 homo
717 2702 750 2763 et
769 2698 956 2783 Graeculus,
979 2698 1035 2783 qui
1057 2699 1138 2763 haec

130 2790 296 2854 subtiliter
318 2789 454 2872 iudicat,
483 2788 538 2872 qui
562 2787 650 2853 solus
673 2787 851 2872 intellegit,
879 2787 907 2850 si
929 2808 1028 2850 unam
1051 2786 1138 2850 litte·

88 2895 115 2936 20
129 2901 200 2944 ram
234 2879 391 2943 Graecam
424 2878 551 2960 scisset,
584 2881 669 2941 certe
701 2898 766 2940 una
799 2875 993 2938 sustulisset.
1043 2872 1138 2939 Nunc

130 2967 226 3050 enim,
250 2966 336 3050 quod
359 2965 515 3050 seriptum
539 2968 589 3029 est
611 2965 700 3028 inani
722 2964 757 3028 in
779 2963 861 3046 basi,
885 2961 1036 3044 declarat,
1060 2961 1137 3044 quid

129 3054 242 3138 fuerit,
266 3057 299 3119 et
321 3053 354 3117 id
378 3052 524 3118 ablatum
547 3052 677 3117 indicat.

197 3141 302 3218 Quid?
327 3141 456 3228 signum
474 3140 611 3206 Paeanis
631 3162 670 3205 ex
689 3140 765 3205 aede
780 3137 955 3223 Aesculapi
973 3138 1138 3222 praeclare

128 3231 267 3317 factum,
295 3253 421 3296 sacrum
451 3252 488 3294 ac
515 3229 718 3314 religiosum,
745 3249 811 3292 non
834 3226 1019 3292 sustulisti?
1053 3226 1139 3310 quod

89 3335 116 3377 ³⁵
131 3341 243 3385 omnes
262 3322 396 3405 propter
419 3317 693 3403 pulchritudinem
716 3316 829 3399 visere,
852 3318 986 3400 propter
1009 3314 1138 3400 religio·

129 3431 205 3473 nem
232 3409 337 3474 colere
367 3407 525 3473 solebant.
576 3404 681 3481 Quid?
715 3426 754 3469 ex
781 3404 858 3469 aede
885 3402 996 3468 Liberi
1024 3402 1190 3468 simu-128

129 3498 256 3562 lacrum
270 3495 414 3560 Aristaei
432 3517 498 3560 non
519 3498 578 3559 tuo
601 3492 737 3580 imperio
761 3494 870 3579 palam
893 3492 1042 3558 ablatum
1066 3493 1137 3557 est?

183 3610 281 3652 ero.11.
297 3612 315 3649 1.
891 3602 924 3651 27
