2622 3884
368 201 477 256 ΜΒΝ
506 201 584 257 uAP.
603 208 647 272 ae,
666 209 701 258 co
719 209 734 269 e
754 209 866 258 re-ea.
1058 205 1123 270 457

113 347 254 432 piratae,
286 368 306 412 a
338 368 402 430 quo
434 351 581 432 tempore
614 349 702 430 capti
730 350 820 432 sunt,
853 347 959 432 quoad
986 371 1045 433 per
1073 371 1124 415 me

113 435 240 500 licitum
259 438 318 518 est,
335 434 477 519 fuerunt,
495 435 557 500 hoc
576 438 627 499 est
644 436 751 519 quoad
768 457 828 521 per
845 435 898 502 Μ’.
913 436 1124 503 Glabrionem

113 523 240 590 licitum
264 526 327 606 est,
357 523 412 607 qui
434 523 624 608 postulante
647 546 698 588 me
720 525 856 609 produci
879 529 977 610 atque
1000 527 1034 590 in
1057 548 1124 592 car·

113 634 219 677 cerem
238 611 332 677 condi
349 611 533 696 imperavit.
566 611 659 688 Quod
677 616 728 677 est
745 612 878 678 huiusce
896 615 944 679 rei
961 614 1022 699 ius,
1041 637 1123 700 quae
1134 613 1178 678 30

83 719 98 759 ⁵
113 700 322 783 consuetudo,
336 700 422 784 quod
437 701 642 784 exemplum?
665 699 804 766 Hostem
819 702 1010 767 acerrimum
1026 708 1124 788 atque

112 788 362 854 infestissimum
389 789 503 874 populi
530 788 672 854 Romani
699 811 755 854 seu
782 789 893 874 potius
920 812 1124 857 communem

113 878 242 943 hostem
262 877 409 962 gentium
431 877 665 962 nationumque
689 877 834 942 omnium
857 878 1031 962 quisquam
1055 902 1124 944 om-

112 967 204 1031 nium
223 965 412 1032 mortalium
431 966 579 1050 privatus
603 967 691 1031 intra
713 967 842 1032 moenia
865 967 953 1032 domi
977 989 1054 1032 suae
1077 990 1124 1032 re·

114 1055 217 1120 tinere
230 1054 376 1139 poterit?
410 1054 515 1129 Quid?
539 1055 567 1118 si
581 1054 693 1139 pridie,
712 1076 810 1138 quam
829 1078 849 1120 a
867 1077 919 1119 me
937 1059 975 1119 tu
993 1059 1125 1121 coactus
1144 1061 1176 1111 '1⁷

71 1164 99 1204 ιο
114 1165 148 1209 es
181 1142 328 1209 confiteri
360 1142 485 1207 civibus
515 1142 672 1208 Romanis
705 1143 809 1208 securi
840 1143 1002 1228 percussis
1035 1166 1125 1230 prae-

113 1233 233 1296 donum
260 1232 373 1297 ducem
402 1231 524 1314 vivere,
550 1231 701 1296 habitare
725 1231 811 1316 apud
833 1235 880 1316 te,
913 1233 955 1315 si,
982 1232 1125 1316 inquam,

113 1321 216 1406 pridie
231 1320 326 1385 domo
345 1323 403 1385 tua
420 1319 630 1405 profugisset,
649 1321 677 1383 si
696 1320 840 1404 aliquam
859 1343 991 1385 manum
1010 1325 1126 1386 contra

112 1431 182 1474 rem
209 1408 374 1493 publicam
401 1407 507 1473 faeere
529 1408 704 1492 potuisset,
731 1408 809 1492 quid
833 1408 976 1474 diceres?
1002 1408 1125 1493 ‘Apud

113 1518 165 1562 me
197 1496 374 1580 habitavit,
410 1517 537 1573 mecum
567 1495 645 1579 fuit,
677 1517 738 1581 ego
770 1496 865 1561 illurn
898 1497 939 1562 ad
970 1497 1125 1562 iudicium

72 1605 99 1646 rs
113 1607 231 1669 meum,
250 1606 314 1669 quo
332 1583 460 1649 facilius
479 1584 602 1648 crimen
618 1584 824 1648 inimicorum
844 1585 966 1650 diluere
984 1606 1126 1670 possem,

111 1675 223 1739 vivum
251 1676 349 1756 atque
376 1672 573 1736 incolumem
600 1671 784 1737 reservavi?
835 1672 928 1737 Itane
956 1675 1055 1738 vero?
1088 1677 1125 1738 tu

112 1766 171 1827 tua
189 1761 334 1846 pericula
352 1759 516 1826 communi
534 1760 678 1843 periculo
702 1758 875 1824 defendes?
898 1764 936 1824 tu
956 1761 1125 1845 supplicia,

113 1871 196 1935 quae
225 1848 383 1932 debentur
409 1847 560 1912 hostibus
587 1847 697 1930 victis,
725 1847 766 1912 ad
790 1851 897 1931 tuum,
924 1869 990 1911 non
1013 1849 1054 1913 ad
1077 1850 1125 1913 rei

112 1937 262 2023 publicae
285 1940 414 2021 tempus
439 1935 606 2000 conferes?
631 1934 746 2020 populi
768 1935 909 2000 Romani
931 1936 1037 2000 hostis
1061 1937 1125 2021 pri·

72 2047 100 2086 ao
113 2026 183 2091 vati
213 2024 355 2089 hominis
386 2023 541 2089 custodiis
570 2023 842 2088 adservabitur?
867 2023 914 2088 At
941 2023 1041 2089 etiam
1069 2025 1125 2108 qui

113 2113 321 2198 triumphant
347 2133 448 2196 eoque
478 2111 598 2176 diutius
621 2111 713 2176 vivos
736 2111 881 2176 hostium
905 2110 1001 2177 duces
1024 2133 1125 2176 reser-

113 2205 207 2285 vant,
242 2204 280 2266 ut
314 2200 367 2265 his
403 2222 462 2284 per
494 2199 697 2284 triumphum
732 2199 836 2264 ductis
868 2199 1124 2284 pulcherrimum

114 2290 335 2375 spectaculum
365 2289 572 2373 fructumque
603 2287 760 2352 victoriae
786 2288 928 2372 populus
955 2287 1124 2353 Romanus

113 2378 279 2464 percipere
306 2377 425 2460 possit,
450 2380 575 2460 tamen,
602 2397 676 2440 cum
703 2376 742 2440 de
768 2375 841 2441 foro
866 2376 902 2440 in
924 2373 1124 2461 Capitolium

73 2485 100 2526 as
115 2487 228 2532 currus
246 2465 375 2530 flectere
392 2465 561 2549 incipiunt,
583 2465 660 2530 illos
680 2463 753 2528 duci
770 2463 806 2528 in
824 2486 983 2530 carcerem
1001 2465 1125 2550 iubent,

114 2556 264 2638 idemque
279 2553 394 2618 diceet
409 2553 588 2619 victoribus
606 2551 736 2637 imperii
754 2556 788 2618 et
796 2552 900 2619 :victis
919 2553 1007 2618 vitae
1025 2555 1124 2619 finem

113 2644 203 2708 facit.
244 2641 288 2708 Et
315 2663 400 2707 nunc
423 2641 573 2725 cuiquem
596 2641 691 2706 credo
715 2662 786 2706 esse
810 2641 957 2726 dubium,
986 2642 1065 2725 quin
1087 2646 1124 2706 tu
1143 2645 1177 2696 ⁷8

113 2733 148 2797 id
166 2732 396 2797 commissurus
414 2752 482 2795 non
498 2729 607 2814 fueris,
630 2728 824 2814 praesertim
845 2751 919 2795 cum
942 2729 1124 2813 statuisses,
1197 2733 1200 2740 ’

113 2824 152 2886 ut
170 2821 228 2904 ais,
250 2819 313 2884 tibi
336 2840 467 2884 causam
491 2839 561 2883 esse
585 2819 761 2901 dicendam,
783 2820 821 2881 ut
843 2817 900 2881 ille
925 2817 1124 2901 archipirata

75 2929 180 2975 eonon
211 2908 321 2993 potius
354 2906 458 2972 securi
488 2906 654 2988 feriretur,
686 2927 798 2990 quam,
830 2905 916 2988 quod
949 2909 1020 2970 erat
1048 2909 1124 2970 ante

115 2998 227 3064 oculos
251 2995 409 3078 positum,
435 2998 493 3060 tuo
516 2994 661 3079 periculo
684 2993 823 3058 viveret!
869 2989 904 3056 si
927 2992 1014 3057 enim
1038 2997 1124 3058 esset

114 3089 277 3168 mortuus,
299 3086 350 3167 tu,
373 3083 429 3167 qui
450 3083 572 3148 crimen
595 3081 642 3146 ais
665 3084 699 3145 te
722 3079 891 3164 metuisse,
915 3101 1049 3165 quaero,
1073 3082 1124 3145 cui

113 3172 293 3258 probares?
329 3191 403 3236 cum
440 3171 605 3236 constaret
641 3169 741 3233 istum
774 3166 941 3251 Syracusis
977 3190 996 3233 a
1031 3170 1123 3234 nullo

113 3263 220 3328 visum
253 3281 323 3325 esse
355 3258 601 3342 archipiratam,
639 3257 680 3322 ab
713 3256 864 3321 omnibus
898 3257 1124 3342 desideratum,

74 3368 100 3411 eu
115 3373 188 3417 cum
215 3349 381 3414 dubitaret
407 3367 516 3428 nemo,
549 3345 627 3429 quin
654 3345 712 3410 abs
740 3348 773 3409 te
800 3345 938 3430 pecunia
965 3346 1124 3410 liberatus

115 3442 214 3523 esset,
251 3459 323 3502 cum
359 3435 459 3521 volgo
496 3434 706 3518 loquerentur
742 3433 948 3518 suppositum
984 3434 1019 3499 in
1055 3434 1124 3500 eius

114 3530 236 3612 locum,
272 3547 368 3611 quem
404 3543 464 3607 pro
499 3522 558 3589 illo
595 3523 734 3610 probare
770 3522 886 3607 velles,
922 3545 995 3590 cum
1026 3526 1064 3589 tu
1090 3526 1124 3588 te
