2524 3876
415 211 493 267 car.
513 218 582 267 ι-ι
601 218 616 278 s
635 219 732 268 ι-ιι.
1036 215 1077 279 37

63 378 136 441 que,
159 355 290 440 iudices,
313 360 351 421 ut
370 378 467 441 quam
486 357 640 422 acerrime
659 357 818 422 maleficia
836 357 1016 442 vindicetis,
1042 365 1079 425 ut

62 467 163 530 quam
185 445 365 510 fortissime
388 445 574 511 hominibus
599 445 822 511 audacissimis
845 447 1018 531 resistatis,
1040 453 1078 514 ut

60 534 125 598 hoc
153 534 320 619 cogitetis,
347 533 410 598 nisi
438 533 473 598 in
500 533 562 598 hac
590 557 700 616 causa,
731 534 787 618 qui
814 539 921 600 vester
950 538 1077 602 animus

62 623 120 706 sit,
150 623 343 705 ostendetis,
371 644 408 687 eo
435 644 645 708 prorumpere
673 622 841 688 hominum
865 624 1077 709 cupiditatem

34 716 96 776 ιιι
115 711 222 776 scelus
241 715 276 775 et
294 710 470 794 audaciam,
489 714 609 775 utnon
628 711 723 776 modo
738 711 832 795 clam,
851 714 1077 779 verumetiam

61 800 115 864 hic
138 799 173 864 in
196 799 269 865 foro
293 804 370 864 ante
392 800 536 864 tribunal
560 803 662 883 tuum,
684 798 727 864 M.
746 798 858 883 Fanni,
881 805 956 866 ante
979 803 1077 886 pedes

61 893 205 971 vestros,
236 888 371 971 iudices,
402 888 488 953 inter
518 888 591 974 ipsa
621 888 777 953 subsellia
808 889 921 954 caedes
947 890 1077 955 futurae

61 977 137 1042 sint.
184 975 317 1041 Etenim
345 977 421 1060 quid
449 977 536 1042 aliud
565 977 627 1042 hoc
648 977 766 1042 iudicio
789 980 984 1063 temptatur,
1014 979 1078 1044 nisi
1098 1000 1131 1049 ιι

60 1069 99 1130 ut
121 1065 156 1129 id
180 1065 251 1130 fieri
273 1066 392 1131 liceat?
431 1065 596 1130 Accusant
618 1065 650 1149 ii,
674 1065 730 1150 qui
752 1065 787 1128 in
809 1065 958 1132 fortunas
981 1067 1078 1133 huius

23 1183 47 1221 ιι
61 1155 265 1238 ιιιιιιιιιιιιι,
294 1176 424 1220 causam
452 1153 530 1219 dicit
552 1154 596 1240 ιι,
626 1154 678 1219 cui
705 1158 835 1239 praeter
858 1155 1078 1221 calamitatem

62 1243 146 1307 nihil
175 1244 390 1328 reliquerunt3
423 1247 575 1309 accusant
602 1243 639 1328 ii,
672 1243 790 1328 quibus
819 1243 921 1308 occidi
949 1249 1078 1330 patrem

62 1331 134 1396 Sex.
157 1331 258 1398 Rosci
280 1333 366 1398 bono
390 1332 466 1415 fuit,
494 1354 624 1398 causam
647 1331 726 1397 dicit
748 1332 790 1414 is,
816 1332 868 1397 cui
891 1354 957 1398 non
981 1333 1077 1400 modo

61 1422 188 1487 luctum
212 1443 301 1486 mors
329 1420 433 1506 patris
462 1421 590 1505 attulit,
617 1443 730 1486 verum
758 1420 856 1485 etiam
884 1425 1079 1508 egestatem

63 1513 220 1575 accusant
238 1510 271 1590 ii,
291 1510 347 1594 qui
365 1509 451 1574 hunc
468 1509 575 1594 ipsum
593 1509 742 1595 iugulare
761 1531 885 1574 summe
899 1511 1079 1594 cupierunt,

24 1619 196 1664 scansam
216 1598 294 1663 dicit
313 1599 351 1681 is,
373 1598 429 1682 qui
447 1599 546 1662 etiam
565 1597 606 1662 ad
624 1598 686 1663 hoc
703 1598 811 1682 ipsum
828 1597 982 1665 iudicium
1006 1622 1079 1664 cum

63 1686 228 1770 praesidio
256 1686 360 1768 venit,
391 1708 431 1750 ne
460 1686 514 1751 hic
547 1686 668 1750 ibidem
700 1690 776 1751 ante
809 1687 920 1752 oculos
952 1690 1078 1752 vestros

62 1775 259 1858 trucidetur,
289 1774 425 1858 denique
448 1778 602 1839 accusant
623 1775 661 1857 ii,
691 1796 772 1859 quos
795 1775 936 1859 populus
963 1775 1079 1858 poscit,

62 1886 198 1928 causam
223 1864 300 1928 dicit
323 1864 366 1945 is,
396 1863 451 1947 qui
475 1884 557 1928 unus
581 1864 713 1928 relictus
738 1885 777 1927 ex
799 1863 932 1928 illorum
953 1863 1079 1927 nefaria

63 1953 162 2017 caede
191 1956 305 2017 restat.
354 1953 461 2034 Atque
488 1956 526 2016 ut
551 1950 679 2016 facilius
709 1951 900 2037 intellegere
932 1952 1077 2036 possitis,
1098 1973 1131 2021 ιι

21 2067 48 2106 ao
62 2041 196 2125 iudices,
215 2063 262 2124 ea,
281 2039 465 2124 quaefacta
479 2039 766 2141 sunt,indigni0ra
785 2060 864 2124 esse,
882 2061 980 2123 quam
999 2040 1082 2104 haec

63 2133 157 2212 sunt,
190 2150 272 2212 quae
305 2128 454 2212 dicimus,
486 2128 527 2192 ab
552 2091 646 2193 initio
674 2150 726 2193 res
755 2150 850 2213 quem
878 2127 918 2194 ad
946 2129 1079 2193 modum

63 2221 162 2304 gesta
194 2217 250 2299 sit,
286 2217 379 2281 vobis
411 2237 630 2318 exponemus,
658 2238 721 2300 quo
753 2217 880 2281 facilius
913 2219 946 2281 et
982 2216 1078 2281 huius

61 2305 209 2371 hominis
238 2267 495 2370 innocentissimi
523 2303 670 2370 miserias
700 2308 733 2369 ιι
755 2305 887 2369 illorum
910 2304 1078 2370 audaciam

63 2415 262 2480 cognoscere
285 2393 419 2476 possitis
443 2397 477 2457 et
498 2393 545 2458 rei
554 2394 717 2478 publicae
740 2393 970 2458 calamitatem.
1097 2442 1118 2506 6

24 2509 48 2548 ιι
133 2480 206 2547 Sex.
233 2480 384 2564 Roscius,
413 2485 507 2566 pater
533 2481 678 2566 huiusce,
715 2481 880 2566 municeps
904 2481 1078 2546 Amerinus
1099 2519 1131 2568 1⁵

63 2571 142 2654 fuit,
170 2592 243 2635 cum
272 2591 389 2654 genere
416 2573 449 2634 et
474 2570 629 2634 nobilitat
579 2573 647 2634 ιιιι
676 2572 709 2634 ιι
730 2570 867 2672 pecunia
891 2592 957 2635 non
982 2569 1078 2635 modo

63 2659 117 2724 sui
156 2657 337 2742 municipii,
378 2678 490 2723 verum
526 2657 625 2723 etiarn
662 2657 730 2722 eius
767 2657 925 2723 vicinitat
916 2679 944 2722 ιι
983 2658 1079 2724 facile

63 2747 207 2834 primus,
235 2750 306 2810 turn
335 2746 441 2830 gratia
469 2750 566 2830 atque
594 2746 746 2830 hospitiis
769 2746 887 2812 florens
911 2746 1080 2811 hominum

62 2833 355 2901 nobilissimorum
399 2833 486 2899 Nam
519 2856 592 2899 cum
627 2835 695 2899 Met
681 2834 783 2918 tellis,
820 2833 980 2916 Serviliis,
1015 2831 1079 2898 Sci·

25 2924 220 3010 sopionibus
250 2926 321 2987 erat
349 2922 378 2986 ιι
404 2944 470 2987 non
497 2923 593 2997 modo
620 2922 812 3007 hospitium,
839 2945 953 2988 verum
981 2921 1080 2986 etiam

65 3013 265 3078 domesticus
288 3032 366 3075 usus
390 3014 424 3074 et
445 3011 657 3094 consuetudo,
681 3033 775 3095 quas,
800 3015 837 3075 ut
861 3031 998 3094 aequum
1022 3012 1080 3089 est,

62 3101 210 3166 familias
246 3099 411 3164 honestat
387 3103 430 3163 ιιι
469 3099 756 3184 amplitudinisque
794 3099 902 3185 gratia
938 3096 1080 3162 nomino.

64 3189 181 3274 Itaque
215 3210 253 3253 ex
291 3187 440 3254 omnibus
473 3189 540 3253 ιιιιι
572 3188 749 3253 commodis
781 3187 843 3252 hoc
874 3186 979 3250 solum
1011 3185 1080 3249 filio

65 3278 214 3362 reliquit3
250 3300 327 3342 nam
365 3276 597 3361 patrimonium
636 3276 772 3342 domest
763 3276 805 3340 ιιι
836 3273 1015 3376 praedones
1047 3273 1081 3337 vi

26 3370 217 3452 cereptum
238 3365 417 3468 possident,
439 3364 528 3429 fama
547 3368 579 3429 et
597 3365 645 3431 vit
647 3388 666 3430 a
684 3364 836 3429 innocent
837 3363 865 3427 ιι
822 3362 925 3428 tab
945 3361 1081 3448 hospiti

63 3457 128 3520 bus
162 3454 338 3539 amicisque
375 3453 518 3536 paternis
553 3452 742 3518 defenditur.
793 3451 855 3516 Hic
887 3473 960 3517 cum
992 3451 1081 3516 omni
1101 3471 1133 3520 ιι

64 3550 214 3628 tempore
238 3541 427 3610 nobilitatis
454 3541 564 3606 fautor
591 3541 720 3623 fuisset,
751 3544 821 3605 tum
848 3540 910 3606 hoc
937 3540 1081 3605 tumultu
