2622 3884
207 183 275 250 464
509 183 548 238 IN
567 182 595 237 G.
608 181 764 237 VERREM
782 181 863 236 ΑΟΤ.
882 183 916 236 11.

208 349 306 395 naves
328 327 550 412 reliquissent,
579 326 728 392 accedere
751 326 911 412 incipiunt
934 327 1004 408 [ad]
1029 325 1228 411 Syracusas3

210 418 265 502 qui
279 415 429 481 videlicet
443 435 539 499 saepe
558 414 724 480 audissent
741 415 825 479 nihil
844 437 915 480 esse
933 416 1104 500 pulchrius
1126 439 1227 500 quam

209 505 444 588 Syracusarum
471 503 600 569 moenia
628 525 665 568 ac
687 507 817 587 portus,
845 507 1030 568 statuerant
1054 526 1105 588 se,
1135 505 1164 569 si
1190 527 1228 568 ea

211 594 312 659 Verre
333 596 483 676 praetore
505 614 572 657 non
594 591 766 676 vidissent,
788 614 967 676 numquam
991 613 1062 656 esse
1085 593 1226 657 visuros.

157 656 198 784 dd
211 681 259 746 Ac
290 681 396 764 primo
429 681 469 746 ad
499 681 560 745 illa
587 680 712 745 aestiva
738 680 900 764 praetoris
929 681 1088 746 accedunt
1116 681 1249 766 ipsams

209 771 302 834 illam
330 768 371 834 ad
395 773 523 853 partem
547 768 668 852 litoris,
695 769 752 833 ubi
773 768 837 833 iste
860 791 919 853 per
942 791 996 835 eos
1021 769 1090 834 dies
1115 771 1226 834 taber·

210 858 334 923 naculis
349 857 465 942 positis
479 862 587 922 castra
600 857 747 921 luxuriae
760 857 955 922 conlocaret.
979 856 1083 933 Quem
1095 862 1226 942 postea·

210 970 308 1032 quarn
319 947 448 1012 inanem
463 945 571 1012 locum
582 944 784 1009 offenderunt
799 950 832 1009 et
845 949 1030 1030 praetorem
1039 967 1226 1012 commosse

210 1058 248 1100 ex
268 1057 305 1100 co
324 1035 396 1100 loco
416 1038 526 1108 castra
549 1036 728 1116 senserunt,
751 1033 866 1098 statim
889 1034 958 1098 sine
980 1034 1050 1099 ullo
1075 1039 1169 1100 metu
1192 1035 1226 1098 in

209 1125 317 1210 ipsum
344 1127 476 1206 portum
503 1126 674 1207 penetrare
702 1126 885 1206 coeperunt.
926 1121 1008 1187 Cum
1031 1123 1067 1186 in
1090 1127 1225 1208 portum
1237 1143 1258 1181 1⁰

210 1214 291 1296 dioc,
309 1212 439 1295 iudices,
459 1207 712 1294 (explanandum
727 1214 777 1274 est
793 1211 879 1275 enim
898 1210 1090 1296 diligencius
1110 1233 1224 1277 eorum
1292 1259 1293 1278 r

210 1323 308 1454 st?
312 1351 321 1384 '
334 1298 506 1451 1331}le
507 1320 540 1363 ¹¹²
551 1320 664 1451 uim
665 1295 814 1452 uls
826 1299 1224 1454 U‘lsstclhtlht

209 1480 308 1560 portu
333 1475 415 1538 illud
444 1410 599 1558 oppidum
626 1475 801 1561 clauditur,
830 1410 886 1540 sid
908 1476 988 1540 urbe
1011 1481 1128 1560 portus
1153 1479 1222 1562 ipsc

211 1564 352 1650 cingitur
371 1568 404 1627 et
422 1562 616 1647 continetur,
639 1567 763 1628 utnon
786 1564 962 1629 adluantur
984 1564 1069 1629 mari
1092 1567 1255 1630 moeniae
1292 1597 1293 1622 ι

157 1658 191 1710 97
211 1658 365 1735 extrema,
389 1651 446 1717 sed
463 1652 534 1736 ipsc
551 1651 669 1716 influat
690 1651 725 1715 in
747 1653 838 1717 urbis
862 1653 969 1717 sinum
992 1657 1118 1737 portus.
1161 1653 1222 1718 Hic

210 1745 243 1807 te
262 1744 413 1826 praetore
432 1738 591 1806 Heracleo
609 1741 718 1825 pirata
740 1763 814 1805 cum
838 1744 993 1825 quattuor
1016 1744 1222 1825 myoparoni·

210 1831 271 1896 bus
292 1829 403 1914 parvis
427 1829 467 1893 ad
491 1828 662 1893 arbitrium
685 1850 779 1893 suum
801 1830 979 1915 navigavit.
1020 1829 1142 1908 Prodi
1164 1831 1221 1895 im-

211 1919 379 1984 mortales!
421 1917 577 2001 piraticus
616 1939 786 2001 myopar0‚
828 1940 902 1983 cum
939 1917 1069 2002 imperii
1108 1920 1222 2004 populi

209 2007 351 2072 Romani
377 2026 496 2070 nomen
524 2017 561 2070 ac
582 2005 687 2070 fasces
710 2009 820 2070 essent
844 2002 1026 2090 Syracusis,
1053 2028 1158 2091 usque
1182 2009 1252 2072 adu

93 2111 98 2122 '
209 2095 318 2161 forum
332 2092 608 2178 Syracusanorum
628 2098 661 2158 et
679 2094 720 2158 ad
739 2093 844 2158 omnis
863 2095 1042 2178 crepidines
1060 2096 1154 2160 urbis
1174 2119 1221 2162 ac·

211 2185 323 2266 cessit,
365 2204 428 2265 qno
464 2203 568 2265 neque
605 2179 925 2267 Carthaginiensium
963 2183 1220 2268 gloriosissimae
1292 2179 1293 2264 l

210 2272 345 2354 classes,
373 2292 446 2334 cum
473 2270 557 2334 mari
584 2269 762 2354 plurimum
789 2273 956 2354 poterant,
984 2272 1096 2336 multis
1124 2273 1219 2337 bellis
1292 2307 1293 2372 y

211 2380 307 2442 saepe
344 2361 479 2422 conatae
515 2380 669 2441 umquam
707 2357 874 2442 adspirare
908 2362 1085 2442 potuerunt
1117 2383 1219 2446 neque

210 2445 324 2531 populi
345 2445 486 2510 Romani
512 2445 634 2511 invicta
661 2449 736 2511 ante
764 2449 797 2510 tc
824 2451 1009 2531 praetorem
1033 2449 1141 2533 gloria
1163 2451 1251 2514 illac

210 2534 337 2599 navalis
374 2555 528 2618 umquam
560 2537 612 2599 tot
642 2534 771 2599 Punicis
805 2532 1091 2620 Siciliensibusque
1124 2538 1217 2602 bellis

210 2626 380 2708 penetrare
411 2622 534 2706 potuit,
567 2623 623 2706 qui
654 2624 744 2687 locus
773 2623 840 2687 eius
868 2623 956 2688 modi
984 2628 1047 2708 est,
1079 2628 1118 2690 ut
1146 2630 1218 2692 ante
1292 2631 1293 2668 ³

211 2710 405 2796 Syracusani
422 2711 458 2774 in
478 2711 647 2776 moenibus
671 2711 747 2794 suis,
769 2711 804 2774 in
826 2712 915 2795 urbe,
938 2713 973 2775 in
995 2710 1067 2777 foro
1090 2712 1218 2780 hostem
1292 2721 1293 2724 ’

212 2804 375 2865 armatum
403 2821 440 2864 ac
466 2799 624 2864 victorem
652 2821 749 2882 quam
772 2799 807 2863 in
828 2804 927 2884 portu
949 2801 1051 2865 ullam
1074 2801 1217 2868 hostium

158 2901 192 2950 98
210 2911 326 2953 navem
345 2887 494 2952 viderint.
531 2887 594 2951 Hic
611 2891 645 2952 tc
663 2891 813 2970 praetore
832 2889 1031 2972 praedonum
1051 2890 1218 2956 naviculae
1230 2909 1250 2947 ³⁰

210 2979 408 3062 pervagatae
436 2980 524 3058 sunt,
552 2997 616 3059 quo
635 2973 883 3040 Atheniensium
912 2976 1027 3042 classis
1051 2978 1124 3043 sola
1146 2984 1219 3064 post

210 3065 379 3130 hominum
411 3063 602 3128 memoriam
630 3079 694 3128 ccc
721 3065 858 3128 navibus
885 3065 920 3129 vi
947 3075 985 3130 ac
1012 3066 1218 3132 multitudine

210 3152 345 3235 invasit3
362 3173 450 3235 ,quac
468 3153 503 3216 in
523 3173 561 3216 eo
584 3151 656 3236 ipso
679 3155 777 3235 portu
800 3151 864 3219 loci
886 3153 988 3237 ipsius
1014 3156 1218 3240 [portusque]

210 3243 329 3304 natura
355 3239 441 3304 victa
468 3244 564 3324 atque
593 3245 746 3322 superata
773 3244 832 3306 est.
881 3241 944 3308 Hic
970 3241 1113 3325 primum
1144 3265 1217 3328 opes
1292 3259 1293 3302 l

211 3326 465 3412 illiuslcivitatis
489 3327 706 3392 comminutae
729 3327 963 3412 depressaeque
987 3335 1076 3414 sunt,
1101 3331 1137 3395 in
1159 3333 1217 3398 hoc
1230 3349 1250 3389 b
1292 3347 1293 3358 ¹

211 3417 309 3494 portu
327 3410 576 3478 Atheniensium
601 3414 798 3497 nobilitatis,
826 3416 967 3500 imperii,
997 3419 1121 3502 gloriae
1144 3443 1218 3485 nau·

160 3503 201 3566 38
211 3499 353 3582 fragium
379 3499 503 3564 factum
527 3501 739 3566 existimatur.
780 3503 872 3566 Eone
896 3505 1005 3587 pirata
1028 3511 1218 3592 penetravit,
1292 3509 1293 3566 ἐ
