2604 3880
181 185 245 250 126
419 181 459 236 IN
478 183 504 237 Ο.
525 180 682 236 VERREM
700 181 809 237 ACTIO
827 182 953 238 PRIMA.

179 329 302 395 multos
325 349 427 393 annos
450 327 703 410 innocentesque
725 330 892 412 praetores
912 327 1023 411 aliqua
1041 348 1080 392 ex
1098 332 1190 412 purte

128 430 160 479 13
178 416 318 482 recreari
362 415 537 501 aliquando
578 436 675 501 posse
714 414 871 479 rideatur.
929 414 1002 480 Hoc
1042 420 1191 501 praetore

180 505 281 572 Siculi
301 525 405 588 neque
429 525 505 570 suas
528 504 618 589 leges
636 523 740 588 neque
757 507 873 568 nostra
891 507 1024 569 senatus
1042 505 1191 569 consultu

177 615 282 677 neque
296 592 480 658 communia
494 592 567 656 iura
584 595 771 675 tenuerunt3
788 595 918 657 tantum
937 592 1073 676 quisque
1091 593 1190 657 habet

177 682 213 747 in
236 679 361 764 Sicilia,
384 684 542 764 quantum
566 680 707 746 hominis
730 679 915 746 avarissimi
937 683 971 744 et
997 680 1215 748 libidinosis-o

180 770 254 834 simi
299 772 356 834 aut
401 769 654 854 imprudentiam
699 767 898 854 subterfugit
944 771 1002 833 eut
1046 769 1188 834 satietet'

104 897 119 914 ν
139 864 160 928 5
180 857 348 943 superfuit.
398 856 500 923 Nulla
533 877 585 922 res
616 879 676 941 per
704 856 882 920 triennium
910 856 975 921 nisi
1005 857 1047 921 ad
1075 861 1190 922 nutum

178 947 274 1012 istius
301 945 444 1011 iudicata
471 948 535 1028 est,
567 945 660 1009 nulla
685 965 738 1009 res
766 945 956 1028 cuiusquam
985 948 1055 1010 tam
1082 946 1191 1029 patria

179 1038 278 1118 atque
307 1034 395 1100 avita
420 1033 498 1116 fnit,
528 1053 610 1116 quae
637 1053 704 1098 non
732 1032 773 1097 ab
797 1053 834 1098 eo
857 1033 994 1118 imperio
1017 1032 1113 1098 istius
1137 1034 1191 1098 ab·

179 1123 384 1188 iudicaretur.
420 1120 677 1186 Innumerabiles
695 1121 850 1205 pecuniae
864 1141 903 1186 ex
917 1124 1084 1186 aratorum
1097 1121 1192 1187 bonis
1207 1149 1231 1188 ro

178 1233 264 1277 noro
291 1209 480 1293 nefarioque
503 1209 656 1274 instituto
680 1212 824 1287 coactae,
853 1208 932 1274 socii
953 1209 1136 1274 fidelissimi
1157 1211 1191 1276 in

178 1299 324 1364 hostium
345 1319 480 1362 numero
504 1297 691 1380 existimati,
714 1297 800 1362 cives
822 1296 962 1363 Romani
984 1299 1135 1363 servilem
1157 1299 1193 1363 in

179 1387 312 1452 modum
325 1384 460 1450 cruciati
475 1388 508 1449 et
520 1386 637 1468 necati,
655 1384 803 1450 homines
816 1384 1040 1451 nocentissimi
1057 1389 1193 1471 propter

178 1474 332 1559 pecunias
354 1473 473 1538 iudicio
497 1473 639 1556 liberati,
661 1473 885 1539 honestissimi
908 1477 1006 1558 atque
1024 1474 1192 1560 integerri-

179 1563 225 1628 mi
253 1562 404 1627 absentes
431 1561 481 1626 rei
502 1561 583 1627 facti
604 1561 727 1626 indicta
749 1583 847 1627 causa
869 1562 1014 1627 damnati
1033 1565 1066 1626 et
1088 1563 1193 1648 eiecti,
1207 1588 1231 1630 rs
1288 1609 1289 1614 κ

178 1654 293 1736 portus
307 1649 526 1734 munitissimi,
540 1651 699 1715 maximae
712 1650 960 1734 tutissimaeque
968 1651 1064 1715 urbes
1074 1650 1193 1735 piratis

178 1739 460 1824 praedonibusque
469 1737 661 1822 patefactae,
677 1742 797 1803 nautae
806 1738 991 1822 militesque
1001 1736 1191 1825 Siculorum,

179 1827 260 1893 socii
281 1826 387 1892 nostri
410 1830 508 1910 atque
532 1826 637 1911 amici,
659 1827 746 1892 fame
767 1827 884 1909 necati,
908 1827 1028 1892 classes
1047 1828 1192 1912 optimae
1288 1829 1289 1834 ’

180 1919 278 2000 atque
306 1914 579 2000 oportunissimae
611 1936 684 1981 cum
715 1936 837 2001 magna
867 1915 1047 2001 ignominia
1076 1918 1192 2001 populi

129 2023 161 2072 14
179 2003 319 2070 Romani
337 2002 478 2068 amissae
496 2006 529 2067 et
547 2003 702 2088 perditae.
737 2002 828 2068 Idem
846 2003 909 2067 iste
926 2007 1058 2088 praetor
1079 2027 1232 2072 monn-eo

179 2094 290 2156 menta
319 2090 547 2174 antiquissima
570 2091 692 2175 partim
715 2112 829 2176 regum
851 2092 1190 2178 locupletissimorum,

180 2201 262 2263 quae
293 2177 346 2242 illi
373 2182 563 2244 ornamento
591 2179 726 2242 urbibus
750 2200 821 2244 esse
852 2180 1037 2263 voluerunt,
1069 2181 1191 2265 partim

179 2267 279 2332 etiam
292 2269 480 2331 nostrorum
493 2267 736 2350 imperatorum,
753 2288 836 2351 quae
849 2267 988 2333 victores
1002 2268 1190 2335 civitatibus

179 2353 295 2419 Siculis
314 2358 371 2418 aut
394 2354 550 2419 dederunt
568 2358 626 2418 aut
638 2353 855 2438 reddidenmt,
874 2356 1029 2440 spoliavit
1041 2357 1190 2422 nudavit

180 2463 241 2526 que
256 2442 373 2508 omnia.
400 2441 514 2526 Neque
532 2441 594 2507 hoo
613 2443 720 2506 solum
737 2442 772 2506 in
790 2446 907 2507 statuis
927 2444 1190 2529 ornamentisque
1205 2474 1233 2514 rs

179 2530 317 2614 publicis
331 2529 418 2615 fecit,
433 2530 490 2595 sed
504 2530 604 2594 etiam
618 2529 754 2595 delubra
767 2531 877 2596 omnia
891 2531 1103 2597 sanctissimis
1117 2534 1192 2598 reli·

180 2618 331 2704 gionibus
366 2622 555 2683 consecrata
587 2618 795 2702 depeculatus
828 2622 891 2702 est,
923 2619 1017 2684 deum
1053 2620 1192 2706 denique

178 2707 306 2771 nullum
320 2703 448 2790 Siculis,
462 2705 517 2790 qui
532 2705 562 2770 ei
575 2707 674 2789 paulo
688 2706 794 2792 magis
809 2707 932 2771 affabre
944 2712 1041 2791 atque
1055 2709 1191 2795 antiquo

181 2795 317 2860 artificio
339 2793 445 2859 fectus
468 2794 640 2875 videretur,
662 2793 804 2878 reliquit.
848 2793 888 2859 In
911 2795 1033 2880 stupris
1056 2817 1133 2863 vero
1158 2802 1193 2863 et

179 2883 314 2968 flagitiis
341 2881 483 2947 nefarias
516 2881 584 2945 eius
613 2881 763 2946 libidines
793 2903 1045 2948 commemorare
1067 2885 1193 2969 pudore
1208 2913 1236 2953 eo

180 2971 358 3054 deterreor3
387 2969 485 3034 simul
508 2969 641 3033 illorum
664 2971 885 3036 calamitatem
907 2975 1193 3040 commemorando

180 3080 299 3144 augere
320 3058 408 3140 nolo,
431 3058 548 3140 quibus
571 3057 692 3123 liberos
716 3059 933 3145 coniugesque
951 3080 1027 3124 suas
1045 3061 1194 3147 integras

129 3166 160 3216 lo
180 3149 221 3212 ab
249 3146 344 3210 istius
371 3145 554 3229 petulantia
581 3168 773 3212 conservare
801 3169 868 3213 non
890 3147 1016 3212 licitum
1039 3152 1099 3213 est.
1144 3150 1195 3215 At

180 3235 266 3300 enim
288 3234 368 3298 haec
390 3233 439 3298 ita
461 3234 635 3301 commissa
659 3239 736 3300 sunt
758 3236 799 3302 ab
822 3235 896 3318 isto,
919 3239 1040 3300 utnon
1058 3238 1195 3322 cognita

180 3324 246 3387 sint
278 3321 319 3385 ab
348 3321 508 3387 omnibus.
553 3323 728 3389 Hominem
755 3346 824 3388 esse
853 3324 995 3389 arbitror
1019 3325 1236 3411 neminemne

181 3410 237 3492 qui
259 3430 377 3473 nomen
394 3409 490 3474 istius
509 3412 656 3497 audierit,
679 3413 757 3497 quin
774 3411 862 3476 facta
880 3433 1007 3496 quoque
1022 3413 1090 3476 eius
1104 3414 1196 3478 nefa-

180 3496 230 3559 ria
253 3517 506 3563 commemorare
526 3501 640 3584 possit,
662 3505 700 3565 ut
719 3499 799 3564 mihi
817 3500 921 3584 magis
940 3500 1121 3566 timendum
1140 3503 1197 3588 sit,
