2590 3884
332 191 434 250 nua1
480 191 558 248 cAP.
577 198 682 250 se-sa
702 199 717 260 a
736 199 885 250 rrsssrsa.
1051 195 1116 259 195

95 336 238 425 putabat
262 357 298 401 se
322 336 447 421 aliquid
475 335 671 403 defensionis
698 336 901 422 habiturum3
927 337 1116 405 Habonium

96 446 196 510 porro
238 424 455 512 intellegebat
494 446 564 492 ram
604 429 710 492 totam
752 448 822 492 esse
866 425 1115 511 patefacturum.

97 513 248 578 Tametsi
273 513 352 599 quid
377 516 509 598 poterat
535 535 606 580 esse
630 515 787 600 apertius,
815 538 914 599 quam
935 538 1020 582 nuno
1043 517 1115 582 est?

96 599 145 667 Ut
168 623 235 667 uno
259 601 367 667 minus
388 606 474 668 teste
495 602 645 688 haberet,
668 603 820 670 Habonio
844 625 926 688 opus
949 605 984 669 in
1007 627 1116 690 aceep-

71 716 84 757 s
98 694 170 756 turn
189 691 321 756 rettulit
335 691 548 776 quadriennio
561 695 646 778 post,
666 714 763 776 quam
777 692 862 757 diem
877 692 967 779 operi
981 693 1115 759 dixerat.

97 779 170 844 Hae
199 779 400 864 eondioione,
427 779 456 845 si
480 780 553 864 quis
577 779 615 845 de
638 780 760 865 populo
784 781 969 865 redemptor
992 791 1169 847 aeres-150

97 869 212 952 sisset,
237 889 304 934 non
334 871 419 933 esset
445 889 537 952 usus,
567 890 640 934 eum
668 869 719 934 die
747 871 871 934 eeteros
894 868 1115 954 redemptores

99 955 304 1041 exclusisset,
322 959 393 1022 tum
410 956 446 1022 in
464 956 532 1022 eius
551 957 725 1022 arbitrium
742 979 780 1022 ae
794 959 992 1041 potestatem
1005 958 1115 1023 venire

99 1045 268 1128 nolebant,
291 1045 348 1129 qui
366 1045 430 1110 sibi
448 1049 595 1130 ereptam
613 1046 766 1130 praedam
787 1045 1009 1111 arbitraretur.
1045 1044 1116 1110 Nos

60 1159 85 1198 ιο
98 1155 141 1198 ne
165 1137 445 1219 argumentemur,
473 1155 537 1218 quo
559 1134 625 1198 ista
647 1133 784 1219 pecunia
810 1134 1008 1219 pervenerit,
1034 1132 1116 1200 facit

98 1221 171 1306 ipss
204 1220 368 1287 indicium.
416 1221 576 1307 Primum,
613 1244 684 1288 oum
717 1222 939 1288 vehementius
971 1243 1044 1288 eum
1077 1243 1115 1287 eo

98 1309 140 1376 D.
164 1308 287 1376 Brutus
315 1311 537 1394 contenderet,
564 1310 620 1395 qui
647 1311 686 1376 de
714 1332 773 1376 sua
799 1311 936 1396 pecunia
962 1309 1018 1375 HS
1041 1327 1116 1376 nux

99 1397 194 1463 milia
225 1399 422 1483 numeravit,
452 1398 538 1483 quod
568 1397 635 1464 iam
667 1399 730 1464 iste
762 1399 847 1464 ferre
877 1421 944 1465 non
974 1402 1116 1485 poterat,

99 1507 201 1571 opere
222 1487 365 1572 addioto,
386 1487 560 1572 praedibus
584 1487 724 1572 acceptis
747 1487 786 1551 de
808 1485 864 1552 HS
886 1505 960 1553 an
982 1488 1115 1554 milibus

62 1599 86 1640 rs
100 1575 230 1640 remisit
255 1573 296 1640 D.
323 1573 427 1641 Bruto
454 1574 510 1640 HS
538 1592 584 1640 cx
610 1575 710 1641 milia.
760 1574 845 1659 Hoc,
872 1576 902 1640 si
928 1577 1035 1641 aliena
1062 1598 1115 1642 res

99 1667 197 1746 esset,
215 1667 303 1729 certe
319 1663 426 1729 farere
443 1685 511 1729 non
523 1665 694 1749 potuisset.
730 1663 855 1728 Deinde
868 1665 993 1729 nummi
1005 1687 1116 1730 nume-

99 1752 167 1816 rati
185 1756 262 1816 sunt
281 1750 463 1836 Cornificio,
487 1773 583 1837 quem
602 1753 742 1818 scribam
761 1773 856 1817 suum
873 1751 974 1818 fuisse
993 1773 1115 1838 negare

98 1861 167 1905 non
190 1843 309 1927 potest.
345 1839 517 1906 Postremo
536 1840 640 1926 ipsius
658 1839 790 1905 Haboni
807 1840 941 1904 tabulae
959 1840 1115 1924 praedam

98 1928 194 1994 illam
212 1929 310 1994 istius
331 1927 433 1994 fuisse
456 1929 607 1995 clamant.
644 1928 768 1994 Reeita.
795 1932 828 1998 N
831 1945 944 1994 0111111
962 1926 1114 1994 HABONI.

60 2042 85 2082 so
167 2015 231 2083 Hie
252 2019 351 2082 etiam
374 2019 484 2102 priore
506 2018 633 2083 actione
656 2015 911 2094 aliorumnas
934 2015 1096 2101 pupillum
1116 1983 1167 2109 155}

99 2105 231 2170 Iunium
253 2106 381 2171 venisse
407 2109 649 2191 praetextatum
674 2105 711 2170 in
737 2108 883 2171 vestrum
906 2109 1114 2190 conspectum

99 2198 135 2259 et
161 2193 294 2259 stetisse
322 2216 395 2260 oum
422 2198 539 2278 patruo
566 2194 790 2259 testimonium
823 2193 948 2258 dicente
981 2197 1114 2278 questus

99 2286 151 2347 est
170 2287 204 2347 et
222 2304 274 2348 me
292 2283 496 2370 populariter
511 2304 607 2368 agere
622 2284 720 2366 atque
733 2281 889 2348 invidiam
904 2303 1115 2367 commovere,

101 2371 188 2454 quod
197 2393 336 2456 puerum
344 2371 563 2456 produeerem,
574 2371 766 2436 clamitavit.
790 2370 875 2446 Quid
886 2373 965 2454 erat,
975 2369 1115 2436 Horten·

60 2483 87 2523 11
100 2457 143 2544 si,
171 2458 306 2528 tandem
332 2457 368 2525 in
393 2459 452 2525 illo
476 2481 575 2544 puero
599 2459 770 2544 populare,
797 2458 875 2543 quid
896 2458 1115 2525 invidiosum?

100 2545 255 2633 Gracchi,
286 2548 396 2632 oredo,
428 2551 485 2612 aut
517 2547 685 2612 Saturnini
716 2549 773 2613 aut
805 2547 940 2612 alieuius
971 2547 1114 2613 hominis

101 2636 170 2701 aius
206 2635 297 2702 modi
331 2637 547 2722 produxeram
583 2635 701 2720 filium,
736 2639 775 2700 ut
810 2635 939 2702 nomine
975 2636 1047 2722 ipso
1082 2640 1116 2701 et

100 2723 1115 2898 tt⁰ttld⁸stm⁰150tlllttbilluffittmllt·

172 2863 178 2877 ·
252 2861 260 2878 ·
1106 2862 1116 2895 7

62 2923 88 2966 so
101 2923 198 2986 quem
221 2904 316 2984 pater
333 2863 475 2966 morieris
494 2922 567 2966 eum
585 2901 750 2966 tutoribus
769 2903 803 2965 et
820 2862 1020 2987 propinquis,
1043 2902 1115 2964 tum

100 2989 245 3076 legibus,
280 2992 352 3054 tum
388 2989 547 3074 aequitati
578 2988 844 3074 magistratuum,
880 2991 952 3052 tum
987 2986 1113 3052 iudiciis

99 3078 220 3144 vestris
248 3079 509 3143 commendatum
536 3078 674 3161 putavit.
723 3076 787 3142 Hio
813 3075 908 3140 istius
938 3076 1094 3141 scelerato
1115 3079 1167 3130 152

99 3165 291 3250 nefarioque
318 3166 491 3232 latrooinio
518 3165 612 3231 bonis
640 3165 756 3249 patriis
782 3163 986 3248 fortunisque
1014 3163 1115 3228 omni-

99 3255 161 3321 bus
186 3253 347 3339 spoliatus
369 3254 516 3320 venitin
538 3253 701 3338 iudioium,
723 3253 752 3317 si
773 3251 858 3342 nihil
877 3251 974 3344 aliud,
996 3252 1115 3316 saltem

61 3366 87 3408 a
100 3347 138 3408 ut
161 3364 245 3428 eum,
268 3343 358 3408 euius
381 3365 481 3428 opera
502 3341 572 3426 ipse
595 3342 717 3406 multos
737 3361 839 3406 annos
858 3343 944 3405 esset
961 3340 997 3406 in
1015 3339 1115 3406 sordi-

100 3433 171 3517 bus,
194 3431 293 3516 paulo
316 3436 428 3497 tamen
450 3429 630 3498 obsoletius
652 3429 809 3494 vestitum
831 3429 964 3495 videret.
999 3429 1115 3514 Itaque

100 3520 172 3606 tibi,
194 3519 365 3606 Hortensi,
387 3542 455 3587 non
476 3520 567 3584 illius
591 3521 695 3602 aetas,
719 3517 776 3582 sed
799 3539 909 3602 causa,
930 3541 998 3584 non
1018 3517 1115 3584 vesti-

848 3621 902 3677 13*
949 3615 953 3624 ’
