2622 3884
189 233 255 298 438
486 231 525 285 IN
545 231 573 287 0.
593 231 748 286 VERREM
765 230 845 286 AOT.
864 231 897 288 11.

191 377 301 461 huius,
325 377 381 460 qui
398 379 513 459 postea
535 375 613 460 fuit,
637 377 802 462 singulare
825 375 1010 461 consilium,
1032 398 1137 461 nequo
1162 376 1202 442 ad

191 465 286 530 Pauli
308 465 470 530 rationem
493 486 531 530 ac
554 465 759 550 disciplinam
781 487 886 549 neque
909 464 950 529 ad
973 463 1007 530 0.
1024 464 1112 530 Mari
1134 465 1202 529 vim

191 557 290 637 atque
308 553 478 637 virtutem3
501 553 557 618 sed
576 553 665 619 aliud
684 574 784 639 genus
802 553 1012 638 imperatoris
1030 574 1110 618 sane
1131 554 1202 617 dili·

192 645 306 728 genter
317 641 520 706 retinendum
536 645 569 706 et
582 642 847 726 conservandum,
862 662 992 727 quassu,
1006 641 1201 728 cognoscite.

138 742 172 792 26
192 729 350 794 ltinerum
368 730 510 814 primum
527 731 683 814 laborem,
707 730 762 813 qui
780 731 833 795 vel
851 729 1013 795 maximus
1034 733 1085 795 est
1107 730 1143 795 in
1166 753 1200 795 re
1226 748 1237 788 ⁵

190 817 341 904 militari,
375 819 510 902 iudices,
544 822 578 883 et
609 818 643 882 in
675 815 786 883 Sicilia
817 817 957 884 maximo
989 819 1202 902 necessarius,

191 907 327 991 accipite
356 929 454 992 quam
481 906 611 972 facilem
640 906 705 971 sibi
731 907 795 971 iste
819 910 854 971 et
875 906 1051 972 iucundum
1073 907 1201 972 ratione

190 995 390 1079 consilioque
420 994 603 1060 reddiderit.
648 994 795 1059 Primum
823 995 1026 1079 temporibus
1054 995 1200 1060 hibernis
1286 1073 1287 1078 γ

190 1084 231 1148 ad
245 1083 503 1170 magnitudinem
517 1083 677 1168 frigorum
692 1087 725 1147 et
740 1083 807 1164 [ad]
822 1087 1057 1166 tempestatum
1075 1083 1143 1148 vim
1164 1105 1201 1149 ac
1286 1123 1287 1162 t

189 1172 359 1236 fluminum
385 1172 588 1258 praeclarum
611 1171 673 1237 hoc
696 1171 759 1236 sibi
781 1171 959 1236 remedium
983 1175 1199 1255 compararat.
1214 1191 1236 1229 o

188 1257 314 1325 Urbem
333 1257 512 1343 Syracusas
531 1260 685 1345 elegerat,
707 1259 798 1324 cuius
816 1260 870 1325 hic
890 1260 974 1324 situs
998 1263 1096 1344 atque
1119 1261 1201 1326 haec

189 1351 308 1412 natura
336 1369 405 1412 esse
433 1347 498 1414 loci
523 1349 668 1432 caelique
692 1347 823 1433 dicitur,
850 1351 887 1413 ut
909 1348 1019 1413 nullus
1043 1371 1200 1432 umquam

189 1435 257 1499 dies
275 1439 344 1500 tam
363 1456 483 1522 magna
501 1457 539 1500 ac
556 1437 747 1501 turbulenta
769 1439 965 1521 tempestate
988 1435 1097 1520 fuerit,
1120 1437 1201 1521 quin

189 1523 298 1607 aliquo
317 1527 465 1609 tempore
484 1524 552 1589 eius
572 1524 635 1589 diei
654 1525 757 1589 solem
777 1524 925 1589 homines
949 1523 1099 1589 viderint.
1137 1525 1200 1590 Hic

187 1611 237 1676 ita
263 1612 395 1677 vivebat
421 1612 484 1676 iste
511 1613 616 1678 bonus
643 1613 823 1697 imperator
848 1613 995 1677 hibernis
1023 1613 1235 1698 mensiones
1286 1683 1287 1686 ,

187 1703 225 1764 ut
253 1722 325 1765 eum
352 1722 419 1766 non
444 1701 541 1766 facile
567 1721 635 1766 non
660 1701 757 1766 modo
785 1703 878 1765 extra
904 1704 1041 1785 tectum,
1074 1701 1131 1766 sed
1158 1723 1200 1765 ne
1286 1701 1287 1776 1

188 1792 280 1853 extra
307 1789 428 1854 lectum
456 1789 584 1873 quidem
607 1789 780 1873 quisquam
801 1788 940 1872 videret3
967 1789 1016 1853 ita
1039 1789 1103 1853 diei
1125 1789 1199 1854 bre·
1286 1777 1287 1808 ¹

187 1877 272 1942 vitas
305 1876 475 1960 conviviis,
506 1877 612 1942 noctis
645 1877 815 1962 longitudo
849 1877 972 1961 stupris
1001 1880 1034 1941 et
1061 1877 1199 1962 flagitiis

188 1965 423 2030 continebatur.

134 2059 169 2109 2⁷
254 2052 336 2119 Cum
364 2057 473 2118 autem
501 2075 558 2118 ver
583 2075 654 2117 esse
677 2057 828 2138 coeperat
851 2049 957 2140 (ouius
979 2051 1111 2118 initium
1134 2053 1199 2119 iste
1212 2073 1235 2112 ao

186 2164 253 2206 non
280 2164 300 2207 a
325 2140 470 2206 Favonio
498 2163 602 2225 neque
631 2141 672 2205 ab
700 2142 810 2224 aliquo
839 2145 929 2206 astro
956 2142 1109 2225 notabat,
1142 2143 1199 2206 sed

187 2252 260 2295 oum
287 2249 397 2293 rosam
425 2229 564 2314 viderat,
596 2233 667 2294 tum
693 2229 835 2313 incipere
862 2251 919 2294 ver
947 2229 1198 2316 arbitrabatur),

188 2317 287 2382 dabat
312 2337 347 2380 se
369 2317 477 2382 labori
499 2321 597 2401 atque
619 2317 805 2401 itineribus,
832 2317 868 2381 in
891 2317 1009 2401 quibus
1032 2340 1071 2383 eo
1094 2338 1198 2402 usque

189 2425 223 2468 se
236 2405 416 2488 praebebat
433 2405 612 2489 patientem
632 2409 729 2489 atque
747 2405 934 2490 impigrum,
952 2409 990 2470 ut
1007 2427 1081 2471 cum
1100 2428 1197 2478 nemo

136 2490 342 2576 llumquam
373 2493 408 2556 in
440 2514 523 2577 equo
555 2493 721 2558 sedentem
751 2493 878 2558 viderit.
927 2493 1029 2577 Nam,
1060 2497 1098 2558 ut
1125 2512 1233 2559 moso

187 2580 250 2645 fuit
269 2579 442 2664 Bithyniae
460 2581 602 2666 regibus,
624 2581 741 2646 lectica
763 2583 942 2666 octaphoro
964 2582 1140 2666 ferebatur,
1162 2583 1199 2647 in

187 2691 252 2752 qua
278 2669 431 2754 pulvinus
459 2673 530 2733 erat
555 2670 738 2754 perlucidus
765 2669 946 2734 Melitensis
973 2692 1050 2735 rosa
1074 2670 1196 2755 fartus3

186 2757 257 2840 ipse
277 2761 385 2822 autern
404 2778 556 2821 coronam
574 2757 718 2822 habebat
740 2780 837 2822 unam
860 2758 895 2822 in
919 2758 1034 2843 capite,
1057 2758 1196 2824 alteram

187 2845 222 2909 in
249 2846 333 2910 collo
361 2844 597 2928 reticulumque
625 2847 665 2910 ad
687 2846 777 2910 naris
801 2846 865 2911 sibi
887 2846 1082 2911 admovebat
1105 2850 1196 2912 tenu-

187 2932 300 2998 issimo
324 2933 400 3016 lino,
424 2932 559 2997 minutis
582 2933 728 3018 maculis,
750 2934 883 3019 plenum
905 2955 1008 3000 rosae.
1045 2932 1098 3000 Sic
1121 2957 1195 3000 con·
1209 2953 1231 2996 ao

186 3020 272 3086 fecto
291 3021 408 3086 itinere
426 3043 500 3085 oum
521 3021 562 3085 ad
585 3021 717 3106 aliquod
741 3021 895 3106 oppidum
917 3027 1059 3107 venerat,
1083 3023 1196 3088 cadem

186 3108 304 3174 lectica
320 3108 474 3192 usquein
493 3108 675 3175 cubiculum
699 3109 913 3176 deferebatur.
947 3109 997 3176 Εο
1021 3111 1196 3178 veniebant

187 3194 370 3262 Siculorum
391 3197 619 3282 magistratus,
642 3198 816 3263 veniebant
838 3199 964 3282 equites
986 3198 1196 3284 Romani,id
1286 3253 1287 3280 ᾗ

187 3285 274 3367 quod
297 3305 336 3348 ex
359 3285 473 3349 multis
495 3284 610 3350 iuratis
634 3285 785 3370 audistin
808 3287 1046 3352 controversiae
1070 3292 1194 3353 secreto
1286 3283 1287 3314 ³

187 3370 428 3455 deferebantur,
450 3372 548 3456 paulo
572 3377 649 3458 post
670 3373 781 3458 palam
804 3373 933 3439 decreta
956 3375 1194 3441 auferebantur.
1207 3392 1230 3434 ³⁵
1286 3381 1287 3402 ³

185 3455 325 3540 Deinde,
350 3458 407 3520 ubi
434 3460 600 3543 paulisper
623 3462 658 3524 in
680 3461 828 3526 cubiculo
850 3462 972 3547 pretio,
997 3485 1064 3528 non
1087 3464 1194 3548 aequi·

186 3544 255 3605 tate
273 3543 346 3607 iura
364 3544 582 3630 discripserat,
605 3546 725 3612 Veneri
747 3548 813 3612 iam
837 3552 870 3613 et
891 3549 1009 3616 Libero
1032 3551 1194 3637 reliquum
1286 3599 1287 3634 3
