2576 3882
341 216 410 273 ΜΒ.
429 218 456 272 11
485 218 562 274 ΟΑΡ.
582 225 687 275 es-ce
706 227 720 287 a
741 227 888 277 rsa-rea
1052 219 1117 286 259

106 362 301 448 cognoscite.
338 361 623 449 Centuripinorum
647 368 777 430 senatus
801 365 942 432 decrevit
964 360 1174 451 populus-67.

107 472 168 535 que
191 450 296 534 iussit,
317 454 364 537 ut,
388 472 470 535 quae
495 455 623 518 statuae
644 450 678 518 C.
696 451 810 518 Verris
833 454 936 539 ipsius
959 458 992 518 ct
1013 455 1118 539 patris

106 539 175 603 eius
195 542 228 603 ct
245 538 307 603 filii
320 542 438 622 essent,
447 565 450 570 ¹
459 560 514 606 eas
528 544 717 625 quaestores
732 541 950 607 demoliendas
964 543 1119 627 locarent,

107 627 247 711 dumque
275 649 314 692 ea
337 627 505 694 demolitio
526 629 634 714 fieret,
662 633 828 694 senatores
851 652 893 695 ne
914 631 1022 694 minus
1045 649 1119 695 xxx

82 715 268 780 sadessent
313 715 431 781 Videte
459 717 654 801 gravitatem
682 717 823 783 civitatis
851 741 889 784 ac
912 719 1126 804 dignitatemr

105 825 210 888 neque
238 825 292 868 eas
318 804 354 868 in
380 805 461 870 urbe
489 827 548 871 sua
575 808 702 871 statuas
732 827 803 870 esse
826 807 1011 891 voluerimt,
1039 829 1119 892 quas

106 891 202 956 inviti
224 892 371 976 pervim
395 898 492 976 atque
515 895 686 978 imperinm
715 893 892 979 dedissent,
918 916 1023 979 neque
1050 896 1119 960 eius

105 979 263 1064 hominis,
295 1002 331 1044 m
363 1003 458 1065 quem
490 982 554 1066 ipsi
590 1005 662 1048 cnm
740 982 894 1048 avissimo
930 983 1119 1049 testimonio

63 1133 65 1137 ,
106 1069 244 1153 publice,
267 1069 354 1152 qnod
375 1091 553 1154 numquam
572 1074 677 1155 antea,
699 1003 840 1136 {imam
857 1071 1013 1137 mandata
1031 1072 1125 1158 lega·

67 1161 224 1241 rotosque
247 1157 425 1243 misissent,
454 1163 487 1223 et
509 1159 542 1223 id
566 1159 698 1244 gravius
726 1180 796 1224 esse
823 1163 982 1244 putarunt
1010 1160 1037 1225 si
1064 1184 1120 1245 pu-

106 1245 192 1310 blico
216 1245 366 1330 consilio,
396 1269 493 1330 quam
518 1247 626 1331 siper
648 1248 716 1312 vim
747 1248 966 1312 multitudinis
995 1248 1120 1315 factum

106 1355 177 1398 esse
199 1332 372 1398 videretur.
408 1333 490 1399 Cum
512 1335 575 1400 hoc
597 1335 734 1400 consilio
753 1339 880 1402 statuas
899 1335 1103 1420 Centuripini
1122 1352 1176 1402 los

106 1421 236 1507 publice
277 1422 500 1506 sustulissent,
541 1423 632 1488 audit
662 1423 829 1508 Metellus,
865 1425 1011 1512 graviter
1046 1426 1120 1511 fert,

107 1513 223 1577 evocat
241 1510 281 1575 ad
300 1531 334 1574 se
348 1507 635 1596 Centuripinorum
654 1512 866 1595 magistratus
890 1517 923 1578 et
940 1533 965 1578 x
983 1515 1121 1600 primos,

68 1619 93 1659 15
106 1599 171 1664 nisi
193 1598 414 1664 restituissent
433 1603 569 1683 statues,
591 1599 800 1664 vehementer
817 1601 969 1667 minatur.
1005 1601 1060 1666 Illi
1080 1603 1121 1668 ad

108 1691 257 1752 senatum
279 1688 481 1772 renuntiant,
509 1692 651 1771 statuae,
674 1709 756 1772 quae
778 1688 875 1753 istius
899 1711 1015 1754 causae
1036 1690 1120 1755 nihil

106 1775 311 1860 prodessent,
336 1780 545 1860 reponuntur,
568 1775 697 1843 decreta
719 1773 1014 1860 Centuripinorum,
1038 1800 1120 1861 quae

108 1865 147 1928 de
170 1863 288 1931 statuis
312 1868 405 1929 erant
426 1863 528 1948 facta,
557 1885 624 1929 non
645 1863 815 1929 tolluntur.
860 1862 924 1929 Hic
946 1886 1007 1950 ego
1031 1865 1120 1930 aliud

109 1950 166 2017 alii
188 1952 344 2036 concedo,
374 1952 522 2036 Metello,
553 1951 678 2017 homini
706 1951 858 2036 sapienti,
890 1974 1024 2036 prorsus
1053 1976 1120 2019 non

68 2060 95 2100 ao
109 2061 242 2128 possum
264 2041 442 2127 ignoscere,
466 2041 494 2106 si
516 2040 593 2123 qnid
612 2040 713 2104 stulte
730 2039 819 2104 facit.
856 2038 963 2114 Quid?
986 2041 1043 2106 ille
1057 2041 1119 2107 hoc

107 2129 247 2212 putabat
264 2128 361 2194 Verri
381 2129 591 2195 criminosum
612 2128 692 2213 fore,
715 2127 744 2192 si
767 2130 894 2194 statuae
918 2129 986 2193 eius
1010 2134 1120 2194 essent

108 2217 259 2302 deiectae,
282 2218 368 2301 quod
392 2239 487 2302 saepe
504 2221 603 2283 vento
622 2220 680 2281 aut
698 2215 807 2300 aliquo
826 2238 903 2281 casu
922 2217 992 2282 fieri
1011 2219 1118 2283 solet?

107 2305 184 2371 Non
197 2306 316 2371 eratin
329 2307 391 2372 hoc
404 2327 509 2390 neque
523 2305 646 2370 crimen
657 2305 762 2368 ullum
780 2326 883 2390 neque
902 2306 1119 2391 reprehensio.

108 2393 159 2458 Ex
189 2415 253 2478 quo
279 2393 383 2480 igitur
406 2394 527 2459 crimen
550 2398 647 2476 atque
671 2394 833 2458 accusatio
856 2395 1023 2459 nascitur?
1067 2394 1172 2510 E¹68

68 2499 95 2541 aa
108 2482 278 2548 hominnm
300 2482 418 2548 iudicio
441 2486 475 2546 et
497 2482 675 2547 voluntate.
710 2479 793 2566 Ego,
817 2481 845 2546 si
862 2481 1014 2547 Metellus
1038 2488 1173 2572 sta-153

108 2575 183 2636 tuas
198 2568 425 2656 Centuripinos
443 2591 597 2654 reponere
614 2591 683 2635 non
699 2569 869 2655 coegisset,
886 2570 949 2636 hoc
968 2571 1119 2637 dicerem:

108 2658 238 2743 Videte,
266 2659 400 2743 iudices,
428 2663 585 2743 quantum
613 2661 646 2723 et
673 2679 771 2742 quam
800 2659 951 2724 acerbum
974 2660 1120 2725 dolorem

109 2746 271 2813 sociorum
308 2751 406 2832 atque
442 2747 620 2812 amicorum
656 2746 773 2811 animis
809 2747 986 2812 inusserint
1023 2747 1119 2812 istius

108 2836 255 2921 iniuriae,
273 2859 346 2901 cum
361 2834 647 2919 Centuripinorum
661 2835 858 2900 amicissima
876 2857 913 2899 ac
931 2833 1121 2898 fidelissima

68 2942 96 2980 ³0
110 2925 239 3010 civitas,
269 2947 351 3010 quae
374 2923 475 2988 tantis
499 2922 613 2989 officiis
637 2944 710 2988 cum
732 2923 853 3006 populo
877 2921 1024 2987 Romano
1048 2943 1120 2987 con-

109 3014 220 3079 iimcta
243 3017 303 3097 cst,
324 3017 362 3077 ut
383 3034 450 3078 non
472 3010 579 3076 solum
601 3032 670 3075 rem
693 3011 858 3094 publicam
879 3015 1040 3094 nostram,
1065 3010 1121 3075 sed

110 3101 209 3167 ctiam
232 3102 268 3166 in
290 3100 405 3186 quovis
428 3099 559 3165 homine
581 3099 710 3184 privato
732 3119 851 3163 nomen
873 3099 980 3180 ipsum
1003 3097 1121 3164 Rorna-

109 3212 188 3254 num
202 3211 329 3273 semper
344 3188 501 3272 dilexerit,
515 3209 554 3253 ea
567 3187 698 3270 publico
713 3186 848 3251 consilio
868 3189 964 3270 atque
984 3187 1121 3252 auctori-

109 3282 179 3343 tate
202 3278 353 3344 iudicarit
376 3276 410 3342 C.
432 3276 546 3342 Verris
570 3280 696 3340 statuas
720 3295 789 3338 esse
812 3274 846 3338 in
868 3275 948 3338 urbe
972 3296 1030 3340 sua
1054 3297 1122 3340 non

68 3382 95 3423 ³⁵
110 3370 268 3450 oportere.
312 3365 497 3431 Recitarem
526 3365 654 3428 decreta
681 3361 979 3448 Centuripinorum,
1011 3364 1120 3429 lauda-

109 3477 180 3520 rem
219 3455 313 3520 illam
354 3454 533 3536 civitatem,
574 3451 608 3516 id
648 3450 734 3535 quod
774 3451 941 3516 verissime
981 3474 1121 3537 possem,

111 3564 398 3609 commemorarem
421 3561 445 3607 x
472 3541 564 3606 milia
591 3539 709 3604 civium
732 3559 803 3604 esse
827 3539 1120 3626 Centuripinorum,

854 3645 908 3699 17*
