2524 3876
410 185 485 242 OAP.
504 194 609 244 31—33
628 194 643 255 ἓ
662 193 774 245 88-91.
1056 191 1097 254 61

86 336 220 398 accuset
237 354 303 417 eos,
324 354 391 397 non
410 332 525 417 deerit,
548 332 624 398 dum
643 333 758 398 civitas
782 333 852 416 erit,
875 333 993 400 iudicia
1010 333 1099 400 fient.

84 419 226 503 Verum,
252 424 290 486 ut
318 421 409 504 coepi
431 421 549 504 dicere,
577 426 610 486 ιι
632 421 782 505 Ειιιοιιιι,
809 421 889 489 haec
912 423 941 486 si
963 423 1100 488 haberet

83 510 122 574 in
145 531 258 594 causa,
286 531 368 593 quae
390 510 655 594 commemoravi,
677 513 789 595 posset
813 532 851 575 ea
873 510 1021 595 quamvis
1044 511 1100 576 diu

85 598 210 682 dicere,
241 601 275 663 ιι
306 619 382 684 ego,
412 597 547 681 iudices,
578 619 724 682 possum3
752 598 808 663 sed
839 599 873 663 in
905 599 1012 664 animo
1040 603 1100 682 est,

54 703 187 770 ⁵quem
206 686 248 751 ad
266 687 398 751 modum
416 689 492 750 ante
512 686 586 770 dixi,
608 686 725 751 leviter
745 687 886 752 transire
910 709 947 752 ιι
969 691 1099 752 tantum

85 774 188 840 modo
211 775 429 858 perstringere
451 796 729 859 unamquamque
752 796 835 856 rem,
858 778 895 840 ut
919 797 1030 840 omnes
1052 776 1099 841 in·

84 863 251 948 tellegant
264 885 316 928 me
329 885 397 928 non
414 862 522 928 studio
541 884 701 946 accusare,
720 863 776 927 sed
794 825 901 928 oflicio
920 863 1097 929 defendere.

155 949 260 1016 Video
292 951 395 1038 igitur
424 971 538 1016 causas
566 972 636 1016 esse
663 951 856 1036 permultas,
887 955 1042 1035 quaeret
1042 924 1152 1049 um393

84 1039 309 1125 impellerent,
326 1039 493 1104 rideamus
507 1061 600 1122 nunc,
619 1061 737 1123 ecquae
751 1039 854 1105 facult
839 1043 891 1104 ιιι
906 975 1152 1124 suscipienduniffi

45 1146 71 1183 ιο
85 1127 243 1192 maleficii
273 1127 380 1192 fuerit.
430 1127 498 1192 Ubi
529 1127 653 1193 occisus
685 1131 736 1192 est
766 1126 837 1193 Sex.
864 1126 1099 1193 Roscius?—

85 1216 282 1281 Romaa-
304 1215 408 1292 Quid?
431 1220 477 1300 tn,
503 1216 539 1280 Τ.
552 1215 660 1300 Rosci,
682 1215 772 1281 ubit
757 1219 836 1282 tunc
853 1216 1015 1281 ιιιιῗ-
1036 1215 1100 1282 Ro·

86 1326 172 1369 mae.
217 1303 340 1369 Verum
369 1304 446 1388 quid
473 1304 628 1369 adrem?
661 1307 694 1368 et
717 1303 773 1368 alii
795 1303 900 1369 multi.
930 1340 968 1352 —
999 1303 1101 1380 Quasi

85 1414 176 1458 nunc
202 1392 236 1457 id
264 1396 395 1478 agatur,
422 1393 494 1476 quis
523 1415 561 1457 ex
587 1396 682 1457 tanta
707 1392 914 1457 multitudine
938 1391 1100 1476 occiderit,

87 1502 127 1546 ac
153 1502 223 1546 non
248 1480 310 1546 hoc
338 1486 527 1565 quaeratur,
554 1503 641 1564 eum,
668 1481 724 1564 qui
746 1479 870 1546 Romae
898 1481 942 1545 sit
966 1480 1100 1564 occisus,

46 1585 73 1626 ιι
86 1573 202 1634 utrum
222 1568 291 1634 reri
314 1568 452 1634 similius
476 1569 520 1633 sit
543 1570 585 1634 ab
609 1590 646 1634 ιο
671 1589 742 1634 esse
765 1569 919 1652 occisum,
943 1569 999 1653 qui
1022 1569 1101 1635 asai-

88 1659 174 1722 duus
198 1679 237 1722 co
258 1661 405 1742 tempore
428 1657 551 1722 Romae
573 1657 683 1739 fuerit,
706 1679 748 1721 an
771 1657 813 1721 ab
837 1679 884 1740 co,
908 1657 964 1740 qui
986 1656 1100 1721 multis

87 1746 185 1811 annis
199 1744 337 1810 Romam
352 1745 484 1811 omnino
497 1767 563 1810 non
577 1745 757 1810 accesserit.
785 1745 858 1830 Age
870 1766 956 1809 nunc
975 1748 1099 1810 ceteras
1119 1757 1152 1806 ιι

87 1855 220 1919 quoque
238 1833 412 1898 facultates
436 1833 683 1900 consideremus.
723 1833 807 1898 Erat
829 1837 900 1897 tuni
923 1831 1099 1898 multitudo

88 1922 290 2005 sicariorum,
307 1921 342 1985 id
356 1921 442 2006 quod
456 1921 722 1987 commemorarit
734 1920 883 2003 Erucius,
902 1923 935 1985 et
952 1919 1099 1986 homines

45 2030 71 2070 ιο
86 2013 223 2096 impune
242 2009 478 2075 occidebantur.
515 2009 621 2086 Quid?
645 2031 684 2075 ea
701 2009 877 2074 multitudo
901 2030 983 2092 quae
1007 2009 1100 2074 erat?

87 2099 228 2184 Opinor,
256 2101 313 2163 aut
336 2119 460 2181 eorum,
488 2098 543 2182 qui
565 2099 717 2165 inbonis
741 2102 835 2162 erant
858 2097 1019 2180 occupati,
1043 2099 1101 2162 aut

87 2209 214 2270 eorum,
233 2187 288 2271 qui
303 2186 345 2251 ab
359 2186 399 2251 iis
414 2186 683 2269 conducebantur,
701 2189 739 2250 ut
753 2186 894 2269 aliquem
911 2185 1100 2251 occiderant.

87 2275 126 2342 Si
153 2297 209 2341 eos
237 2279 348 2360 putas,
381 2275 436 2358 qui
463 2274 604 2340 alienum
633 2275 842 2359 adpetebant,
874 2277 912 2339 tu
939 2295 974 2338 es
1000 2274 1035 2339 in
1063 2295 1100 2338 eo

86 2385 240 2447 numero,
268 2363 324 2447 qui
349 2366 465 2429 nostre
491 2363 627 2448 pecunia
654 2363 743 2429 dives
770 2384 818 2446 es3
845 2362 897 2427 sin
919 2383 990 2447 eos,
1019 2383 1100 2446 quos

46 2471 73 2512 ιι
88 2453 147 2536 qui
186 2451 309 2517 leviore
343 2451 474 2516 nomine
511 2451 691 2536 appellant,
730 2471 936 2535 percussores
973 2454 1101 2534 vocant,

89 2561 221 2624 quaere,
242 2540 277 2604 in
295 2538 385 2604 cuius
403 2539 466 2604 fide
485 2539 552 2603 sint
572 2543 605 2604 ιι
627 2539 793 2622 ι]ιιιιιι1ι;
815 2539 897 2603 mihi
919 2539 1021 2622 crede,
1044 2539 1102 2603 ali·
1169 2599 1171 2602 .

89 2650 189 2713 quem
208 2627 247 2693 de
266 2628 420 2694 societate
438 2631 496 2691 tua
513 2627 668 2712 reperies,
691 2629 734 2710 et,
757 2627 909 2711 quicquid
926 2630 964 2692 tu
987 2631 1102 2693 contra

89 2717 227 2801 dixeris,
254 2715 288 2780 id
316 2737 389 2780 curn
415 2715 599 2781 defensione
621 2719 737 2780 nostra
759 2715 959 2799 contendito,
986 2715 1034 2779 ιιι
1056 2715 1101 2778 fa-

88 2805 214 2871 cillime
241 2825 339 2869 causa
362 2802 432 2868 Sex.
450 2803 550 2868 Rosci
576 2825 649 2869 cum
674 2806 733 2867 tua
755 2803 946 2868 conferetur.
990 2802 1101 2866 Dices:
1120 2813 1154 2862 94

48 2912 75 2952 so
89 2893 189 2971 Quid
216 2895 346 2977 postea,
374 2892 403 2956 si
424 2891 549 2956 Romae
574 2891 722 2956 assiduus
745 2891 831 2956 fuil'
872 2889 1101 2974 Respondebo:

90 2981 150 3046 At
170 3001 232 3068 ego
252 2981 383 3046 omnino
401 3001 467 3045 non
484 2977 553 3044 fui?
572 2979 754 3045 -Fateor
772 3001 824 3044 me
843 2983 1003 3044 sectorem
1022 2997 1102 3060 esse,

88 3091 205 3136 verum
225 3071 258 3134 ιι
282 3069 340 3134 alii
362 3068 532 3133 ιιιιι1ιι.-
557 3065 604 3132 Ac
627 3089 697 3154 ego,
720 3071 757 3132 ιιι
779 3071 851 3132 tute
874 3066 994 3166 arguis,
1018 3065 1102 3150 agri-
1161 3067 1163 3072 ’

89 3159 165 3224 cola
190 3161 225 3222 et
245 3156 465 3222 rusticnsn-
493 3154 570 3220 Non
576 3157 759 3258 continuo,
786 3156 815 3220 si
837 3153 946 3220 mein
969 3174 1102 3239 gregem

90 3246 285 3312 sicariorum
306 3245 439 3328 contuli,
461 3267 534 3309 sum
557 3244 701 3309 sicarius.
724 3279 767 3292 -
790 3243 838 3307 At
860 3263 921 3327 ego
944 3241 1102 3327 profecto,

49 3351 75 3392 ι
90 3335 147 3420 qui
165 3356 207 3399 ne
224 3334 303 3399 novi
322 3333 451 3417 quidem
469 3352 665 3417 quemquam
683 3331 844 3415 sicarium,
867 3331 964 3416 longe
986 3330 1102 3395 absum

89 3425 132 3489 ab
152 3423 223 3488 eius
244 3422 334 3487 modi
356 3421 498 3486 crimine.
539 3421 707 3486 Permulta
730 3422 815 3502 sunt,
838 3440 920 3502 quae
943 3417 1007 3483 dici
1029 3440 1103 3503 pos·

90 3516 177 3598 sunt,
195 3532 298 3597 qnare
311 3509 525 3596 intellegatur
540 3507 777 3575 summamtibi
792 3506 983 3572 facultatem
1001 3506 1103 3572 fuisse
