2604 3880
409 1041 456 1115 M.
486 1039 629 1113 TULLI
656 1039 903 1114 CICERONIS

171 1203 409 1291 ACTIONIS
441 1203 498 1288 IN
530 1203 573 1288 Ο.
606 1204 828 1290 VERREM
861 1203 1140 1290 SECUNDAEI

523 1349 634 1404 LIBER
651 1349 790 1405 PRIMUS

301 1449 303 1454 ’
386 1458 446 1524 nu
468 1457 707 1562 ranarum
729 1456 923 1524 caenas.

271 1722 624 1789 ARGUMENTUM
646 1721 1050 1788 PSEUDO-ASOONI.

225 1842 363 1913 Deinceps
384 1843 455 1898 haec
478 1843 573 1898 omnia
593 1859 651 1898 non
673 1842 761 1911 dicta,
785 1843 834 1898 sed
859 1842 963 1912 scripta
981 1845 1046 1898 sunt
1064 1845 1163 1898 contra

155 1931 226 1982 eum,
255 1915 330 1983 quod
353 1916 395 1969 c'ta
421 1913 528 1969 factum
555 1916 610 1969 cst:
637 1913 734 1983 Fingit
757 1912 853 1968 Cicero
881 1913 978 1969 adesse
1004 1914 1035 1968 in
1056 1913 1162 1969 iudicio

156 1984 271 2040 Verrem
293 1985 581 2054 comperendinatum,
604 1985 771 2054 respondere
790 1983 908 2038 citatum
926 1986 955 2039 et
972 1983 1092 2038 defendi.
1128 1986 1163 2038 In

155 2055 255 2110 ceteris
274 2055 348 2110 enim
367 2054 539 2110 orationibus
558 2054 686 2110 defensor
702 2055 813 2109 futurus
832 2053 1019 2110 accusationis
1038 2054 1162 2109 officium

154 2125 198 2179 his
220 2125 312 2192 libris,
338 2125 387 2193 qui
408 2124 590 2179 verrinarum
611 2125 723 2179 nomine
745 2127 953 2194 nuncupantur,
982 2141 1163 2207 compensare

68 2205 69 2208 ’
155 2195 279 2251 decrevit
301 2197 341 2263 et,
366 2196 497 2264 quoniam
519 2211 650 2250 accusare
672 2195 776 2250 multos
794 2195 956 2250 indecorum
973 2195 1066 2250 Tulho
1084 2195 1162 2251 vide·

154 2265 246 2334 batur,
263 2266 294 2320 in
310 2283 367 2320 una
384 2283 469 2320 causa
481 2266 540 2321 vim
553 2266 635 2320 huius
649 2266 717 2320 artis
731 2268 760 2320 et
774 2265 949 2334 eloquentiae
963 2266 1163 2322 demonstrare.

154 2335 228 2390 Nam
251 2338 280 2391 et
301 2337 373 2392 bene
395 2337 591 2407 intellegentes
609 2353 720 2391 omnem
737 2336 869 2392 virtutem
887 2337 1052 2405 oratoriam,
1078 2354 1162 2406 quae-

107 2429 109 2432 ·
155 2423 272 2476 cumque
290 2406 320 2460 in
338 2407 578 2462 criminationibus
597 2407 750 2462 constituta
763 2409 814 2475 est,
831 2407 879 2461 hic
892 2424 1051 2476 expressam
1064 2407 1163 2463 vident

156 2479 185 2532 et
212 2480 311 2533 contra
338 2493 372 2531 ex
393 2478 448 2532 hoc
470 2477 663 2533 defensionum
685 2477 743 2532 vim
765 2477 796 2530 in
817 2476 916 2532 ceteris
943 2477 1114 2532 orationibus
1133 2481 1165 2532 et

154 2547 336 2630 nervoseius
359 2564 393 2602 ex
414 2548 472 2629 hac
491 2547 595 2603 virtute
618 2549 812 2628 cognoscunt,
829 2564 900 2616 quae
922 2547 953 2601 in
980 2548 1161 2630 opprimendo

155 2619 524 2756 aattnrtttatt
538 2617 1164 2768 {trutanniatractitia

156 2759 333 2815 defenditur!
370 2759 445 2829 Ergo
469 2777 532 2814 cum
553 2759 645 2828 prima
669 2760 779 2811 actione
797 2761 943 2813 accusatus
962 2759 1000 2814 eit
1017 2777 1051 2814 ac
1069 2760 1163 2814 defen·

156 2848 202 2885 sus
220 2830 330 2897 Verres,
347 2847 422 2884 nunc
439 2829 518 2885 velut
536 2829 664 2884 defensus
682 2828 784 2882 iterum
802 2829 854 2896 (sic
872 2830 946 2883 enim
963 2846 1024 2885 mos
1039 2833 1118 2901 erat),
1133 2830 1164 2884 in

156 2901 245 2956 eitera
263 2900 373 2956 actione
392 2903 539 2954 accuratur
557 2899 593 2952 ad
610 2897 741 2953 ultimum
758 2916 852 2953 rursus
872 2899 998 2955 oratione
1018 2904 1162 2970 perpetua.

156 2970 279 3026 Crimina
300 2970 517 3040 repetundarum
540 2971 569 3024 et
591 2969 648 3022 alia
669 2970 801 3038 pleraque
825 2971 890 3024 ante
913 2973 978 3026 acta
1001 2971 1062 3025 vita
1079 2988 1164 3041 saepe

155 3041 308 3096 firmantur.
346 3041 470 3095 Sumitur
493 3040 580 3094 etiam
601 3039 668 3093 hinc
691 3055 774 3109 saepe
798 3039 930 3096 defensio.
967 3039 1063 3096 Omnis
1088 3043 1164 3096 enim

156 3111 330 3166 confirmatio
348 3113 384 3166 ab
402 3111 545 3165 attributis
559 3126 693 3178 personae
710 3116 735 3164 et
752 3111 866 3181 negotio
886 3110 958 3165 sumi
976 3112 1055 3167 solet.
1087 3113 1163 3183 Ergo

156 3182 293 3236 attributa
318 3197 453 3263 personae
480 3180 601 3235 maxime
627 3180 658 3235 in
685 3182 750 3234 ante
776 3183 839 3234 acta
863 3181 923 3236 vita
944 3182 1041 3249 quaeri
1064 3183 1164 3251 solent,

154 3252 270 3332 negotio
288 3252 319 3334 in
336 3269 398 3333 rpso
417 3251 540 3307 crimine.
571 3250 670 3333 Libros
688 3251 775 3322 igitur
784 3267 843 3333 ‘pro
862 3251 999 3334 qualitate
1017 3253 1165 3308 criminum

155 3321 264 3375 Tullius
288 3322 414 3376 drudens
438 3324 503 3376 ante
526 3324 596 3376 actis
618 3339 705 3376 unum
728 3322 817 3388 dedit,
840 3322 915 3376 hunc
938 3323 1047 3378 scilicet
1065 3325 1163 3391 solum,

156 3391 266 3444 crimini
286 3389 343 3459 ipsi
364 3392 582 3513 reffillundarum
604 3395 748 3473 quattuor,
776 3409 862 3472 unum
889 3393 923 3446 de
950 3392 1010 3448 iure
1038 3394 1165 3462 dicendo,

155 3461 275 3514 alterum
293 3461 327 3513 de
340 3475 371 3513 re
463 3464 579 3530 entana,
598 3463 713 3517 tertium
731 3463 765 3516 de
784 3479 879 3530 signis,
898 3464 1029 3530 quartum
1047 3464 1081 3519 de
1100 3483 1165 3535 eup-

82 3574 91 3583 „
153 3528 255 3598 pliciis.
292 3528 338 3581 Ad
354 3529 428 3584 hanc
445 3531 521 3585 enim
539 3533 751 3587 similitudinem
768 3535 854 3602 pc'e'ta
871 3531 1014 3603 Vergilius
1032 3534 1166 3606 Minoem,
