2622 3884
333 233 337 242 .
363 192 472 248 ΜΒΝ
504 194 581 250 οΑΡ.
596 202 701 251 ar-ee
720 203 735 264 s
753 203 866 252 sa-ac.
913 201 915 206 '
1051 199 1118 264 463

104 337 271 403 hominem
307 337 341 402 in
379 339 475 403 malis
507 343 628 424 posset.
678 340 783 406 Huius
815 346 926 408 autem
957 346 1117 432 praeclari
1135 361 1169 410 93

104 426 314 510 imperatoris
342 427 391 492 ita
413 432 484 492 erat
507 449 621 493 severa
643 428 731 494 domi
754 431 938 517 disciplina,
964 437 1002 498 ut
1025 435 1059 498 in
1081 457 1117 500 re

104 518 200 579 tanta
228 518 261 579 et
286 518 356 580 tam
380 516 473 601 gravi
495 517 611 582 nuntio
633 539 729 584 nemo
753 520 993 606 admitteretur,
1019 545 1115 589 nemo

106 607 201 687 esset,
226 603 282 687 qui
301 603 434 668 auderet
457 608 515 670 aut
537 605 751 671 dormientem
775 607 915 674 excitare
939 615 995 676 aut
1017 611 1116 677 inter·

75 691 229 776 apellare
249 691 451 777 vigilantem.
491 692 563 758 lam
585 715 663 760 vero
685 717 721 760 re
745 695 786 760 ab
811 698 959 762 omnibus
983 701 1116 786 cognita

105 780 418 846 concursabat'urbe
441 783 513 846 tota
536 782 678 848 maxima
701 783 886 850 multitudo.
921 786 998 852 Non
1020 788 1115 873 enim,

105 867 189 934 sicut
216 873 287 934 erut
315 873 412 934 antea
439 891 567 954 semper
595 872 806 957 consuetudo,
832 875 1032 958 praedonum
1061 877 1115 942 ad-

104 960 235 1022 ventum
265 957 474 1043 significabat
499 959 628 1045 igniac
657 960 789 1044 specula
814 962 963 1027 sublatus
987 968 1043 1028 aut
1065 969 1115 1029 tu·
1211 976 1214 982 “

104 1045 205 1130 mulo,
227 1045 284 1110 sed
301 1045 435 1110 flamma
453 1068 491 1112 ex
509 1049 582 1132 ipso
601 1047 748 1114 incendio
772 1049 904 1117 navium
928 1055 961 1116 et
983 1053 1115 1116 calami-

61 1150 91 1192 ιο
104 1137 209 1199 tatem
245 1138 412 1219 acceptam
449 1138 482 1199 et
517 1136 697 1220 perieulum
733 1137 896 1222 reliquum
930 1140 1113 1206 nuntiabat.

104 1220 186 1287 Cum
220 1226 353 1307 praetor
385 1227 595 1307 quaereretur
627 1228 661 1289 et
693 1229 859 1292 constaret
889 1228 1052 1293 neminem
1085 1230 1114 1294 ei
1124 1227 1166 1293 36

103 1311 286 1394 nuntiasse,
308 1311 346 1375 fit
365 1312 406 1376 ad
430 1311 561 1378 domum
585 1313 653 1378 eius
678 1336 751 1379 cum
775 1315 916 1380 clamore
940 1337 1128 1383 concursus·

105 1402 202 1482 atque
219 1400 370 1484 impetus.
407 1400 492 1466 Tum
509 1400 579 1466 iste
596 1402 755 1466 excitatus
779 1404 870 1468 audit
892 1425 961 1469 rem
985 1427 1114 1471 omnem
1133 1420 1167 1470 94

104 1509 143 1552 ex
166 1487 384 1572 Timarchide,
407 1509 523 1574 sagum
547 1491 648 1555 sumit
671 1487 817 1576 (lucebat
838 1492 906 1557 iam
927 1491 1019 1580 fere),
1040 1517 1114 1579 pro-

62 1592 89 1632 1⁵
104 1576 190 1641 cedit
207 1577 242 1642 in
260 1576 401 1641 medium
419 1577 497 1661 vini,
521 1578 636 1662 somni,
659 1578 765 1663 stupri
782 1580 908 1664 plenus.
943 1581 1114 1666 Excipitur

104 1665 147 1730 ab
180 1665 330 1730 omnibus
363 1665 431 1729 eius
464 1665 552 1730 modi
584 1667 739 1749 clamore,
770 1670 808 1731 ut
840 1668 870 1732 ei
900 1667 1114 1754 Lampsaceni

7 1827 9 1830 ¹
103 1753 240 1838 periculi
266 1754 446 1818 similitudo
468 1757 653 1818 versaretur
677 1758 752 1819 ante
776 1757 901 1838 oeulos3
928 1756 991 1821 hoc
1014 1758 1114 1823 etiam

106 1842 209 1907 maius
236 1842 299 1907 hoo
325 1841 510 1925 videbatur,
538 1842 624 1926 quod
650 1841 685 1905 in
713 1842 787 1906 odio
814 1843 914 1907 simili
937 1845 1113 1910 multitudo

103 1930 273 1994 hominum
300 1930 381 1994 haec
409 1933 480 1994 erat
502 1951 662 1994 maxuma.
708 1930 791 1994 Tum
813 1930 909 1995 istius
933 1937 1007 1998 acta
1029 1955 1114 1998 com·

62 2035 90 2075 2⁰
104 2019 356 2101 memorabatur,
369 2021 441 2083 tum
454 2018 621 2104 flagitiosa
632 2018 694 2094 illa
708 2019 865 2103 convivia,
883 2024 954 2084 tum
972 2023 1114 2105 appella·

103 2107 225 2172 bantur
239 2129 258 2172 a
272 2106 481 2172 multitudine
500 2107 652 2171 mulieres
670 2106 875 2192 nominatim,
892 2111 964 2174 tum
984 2131 1114 2193 quaere-

106 2198 186 2260 bant
217 2216 256 2260 cx
287 2196 352 2260 isto
384 2195 507 2280 palam,
543 2198 595 2259 tot
627 2195 695 2259 dies
727 2195 910 2280 continuos,
941 2219 1000 2280 per
1032 2220 1113 2281 quos
1187 2219 1189 2224 ’

102 2305 281 2366 numquam
303 2284 394 2348 visus
417 2287 516 2368 esset,
543 2282 600 2347 ubi
622 2281 752 2366 fuisset,
780 2283 857 2368 quid
880 2285 1015 2370 egisset,
1042 2290 1113 2351 tum

104 2373 283 2454 imperator
302 2371 343 2435 ab
366 2371 432 2435 isto
455 2371 661 2456 praepositus
681 2369 870 2438 Cleomenes
894 2373 1114 2460 flagitabatur,
1192 2439 1194 2444 .

62 2476 89 2517 re
103 2479 209 2540 neque
237 2459 410 2542 quicquam
436 2459 571 2544 propius
600 2463 649 2524 est
675 2459 814 2544 factum,
844 2483 940 2546 quam
968 2467 1006 2528 ut
1032 2463 1114 2529 illud

103 2544 258 2610 Uticense
286 2548 468 2632 exemplum
497 2548 535 2613 de
563 2547 730 2613 Hadriano
757 2549 991 2616 transferretur
1017 2549 1113 2636 Syra-

103 2655 208 2718 cusas,
225 2638 263 2699 ut
277 2635 339 2700 duo
355 2636 527 2720 sepulchra
542 2637 678 2702 duorum
694 2642 883 2722 praetorum
900 2639 1113 2724 inproborum

103 2722 229 2788 duabus
256 2723 291 2786 in
316 2724 492 2807 provinciis
521 2727 803 2792 constituerentur.
848 2726 971 2792 Verum
998 2727 1114 2793 habita
1184 2800 1188 2813 ¹

103 2814 154 2876 est
187 2833 206 2876 a
238 2812 446 2878 multitudine
478 2813 563 2879 ratio
596 2814 768 2899 temporis,
798 2815 914 2880 habita
943 2816 1129 2900 tumultus,

62 2917 90 2956 ³0
103 2899 218 2964 habita
249 2899 348 2966 etiam
380 2901 551 2988 dignitatis
584 2903 897 2986 existimationisque
925 2904 1114 2988 communis,

103 2988 190 3072 quod
216 2987 245 3052 is
274 2992 324 3053 est
347 2995 525 3056 conventus
548 2988 716 3075 Syracusis
740 2991 858 3055 civium
882 2990 1113 3076 Romanorum,

102 3081 219 3142 utnon
233 3077 329 3143 modo
343 3077 403 3144 illa
417 3079 594 3163 provincia,
611 3101 723 3144 verum
739 3077 839 3143 etiam
852 3079 914 3144 hac
928 3101 964 3143 re
981 3080 1113 3164 publica

103 3165 314 3250 dignissimus
351 3167 562 3232 existimetur.
615 3164 819 3231 Confirmant
853 3166 918 3252 ipsi
954 3189 1002 3250 se,
1039 3190 1118 3233 oum.
1131 3180 1166 3230 95

101 3253 155 3319 hic
187 3255 286 3319 etiam
319 3258 390 3320 tum
419 3255 633 3319 semisomnus
661 3257 820 3338 stuperet,
853 3275 944 3320 arma
971 3256 1113 3341 capiunt,

63 3357 88 3397 ³⁵
101 3345 210 3407 totum
236 3342 344 3409 forum
372 3347 471 3428 atque
497 3342 657 3427 Insulam,
685 3363 768 3426 quae
796 3346 847 3407 est
874 3343 965 3408 urbis
992 3365 1113 3430 magna

102 3452 188 3514 pars,
210 3432 385 3516 complent.
421 3430 530 3497 Unam
549 3431 643 3497 illam
661 3434 791 3496 noctem
809 3433 1111 3518 solempraedones

102 3519 142 3583 ad
165 3517 323 3586 Helorum
347 3521 555 3605 commorati,
582 3543 655 3586 cum
677 3520 835 3585 fumantis
858 3521 958 3586 etiam
980 3525 1111 3588 nostras
