2504 3876
339 153 407 207 mu.
422 153 448 207 v
479 151 557 208 cAP.
578 159 610 207 ιι
629 158 644 218 s
664 157 810 207 rar-rso.
1012 152 1077 216 499

6 355 8 368 ,
63 299 106 360 ut
137 295 253 361 ceteris
280 296 356 360 liinc
382 295 505 360 tradita
532 317 602 360 esso
628 295 759 361 videant
745 299 812 379 tur,
841 317 922 382 quae
949 295 1056 360 ab't
1012 299 1077 359 isto

6 417 8 456 ι
64 405 137 448 ιιιιο
158 384 205 450 sic
223 384 351 468 polluta
370 406 407 449 ac
424 384 548 448 violata
567 386 651 466 sunt,
672 388 709 448 ut
728 384 936 449 simulacrum
950 381 1077 448 Cereris

6 541 8 546 ,
66 493 187 555 ιιιιιιιιι,
219 472 305 555 quod
332 493 352 536 a
378 471 447 536 viro
474 493 541 536 non
568 473 706 536 modot
691 472 796 557 tangi,
825 471 881 536 sed
907 493 947 536 ne
976 471 1078 555 aspici

6 597 8 636 5
68 559 205 642 quidem
223 559 274 623 fas
294 559 366 644 fuit,
389 581 406 624 o
429 558 569 624 sacrario
586 557 656 623 Oat‘
632 563 702 623 tina
724 559 968 624 convellendum
992 558 1077 623 aufe-

7 663 25 703 5
67 647 272 731 rendumque
302 647 476 730 curaverit,
509 647 647 710 alterum
674 650 782 711 autem
809 646 925 711 Henna
953 669 991 712 ex
1019 669 1077 711 sua

69 735 149 799 sede
173 757 210 799 ac
233 735 327 800 domo
352 733 534 818 sustulerit,
557 735 642 818 quod
665 738 736 799 erat
758 735 838 818 tale,
860 739 898 799 ut
919 735 1077 816 homines,

6 865 7 902 5
69 844 146 886 cum
185 821 344 906 viderent,
385 827 441 887 aut
478 822 584 906 ipsam
619 822 727 887 videre
764 844 798 886 se
835 821 984 887 Cererem
1021 826 1077 886 aut

6 955 8 992 ι
69 909 216 994 effigiem
243 908 369 976 Cereris
399 931 466 974 non
495 909 637 975 humana
664 930 762 974 manu
788 909 922 994 factam,
955 909 1011 974 sed
1038 911 1076 974 de

6 1057 7 1062 ,
69 998 163 1062 caelo
191 999 317 1082 lapsam
345 997 594 1062 arbitrarentur:
621 1019 679 1062 vos
711 997 811 1062 ctiam
838 1002 936 1082 atque
959 997 1058 1062 etiam
1078 1011 1129 1062 188

6 1107 50 1170 :¹⁰
69 1085 202 1169 inploro
222 1089 255 1150 et
273 1086 413 1170 appello,
436 1085 659 1151 sanctissimae
683 1085 769 1170 deae,
793 1107 874 1170 quae
896 1085 972 1150 illos
991 1084 1077 1149 Hen-

67 1173 182 1237 nensis
217 1174 306 1238 lacus
343 1174 496 1256 lucosque
530 1173 672 1238 incolitis
709 1177 905 1257 cunctaeque
939 1170 1077 1256 Siciliae,

6 1343 7 1348 ἵ
69 1282 156 1343 quae
170 1261 250 1325 mihi
270 1260 468 1326 defendenda
485 1261 608 1326 tradita
626 1265 684 1345 ast,
702 1261 902 1346 praesidetis,
921 1284 941 1326 a
960 1261 1075 1344 quibus

69 1348 213 1413 inventis
244 1349 394 1434 frugibus
426 1352 460 1414 et
490 1349 525 1414 in
557 1350 669 1414 orbem
700 1354 860 1413 terrarum
893 1348 1075 1413 distributis

71 1457 185 1500 omncs
220 1441 333 1522 gentes
365 1459 402 1502 ac
433 1436 582 1501 nationes
614 1437 716 1502 vestri
746 1437 903 1523 religione
935 1436 1075 1501 numinis

21 1542 52 1583 15
71 1523 291 1608 continentur,
315 1528 438 1590 ceteros
457 1524 536 1588 item
555 1524 632 1589 deos
651 1524 789 1608 deasque
812 1546 923 1590 omnes
946 1525 1075 1609 inploro

72 1616 108 1675 et
136 1612 245 1676 obtest
230 1615 296 1696 tor,
323 1633 460 1696 quorum
486 1612 618 1696 templis
646 1616 679 1677 et
703 1613 982 1698 religionibust
938 1613 1001 1676 ists
1023 1633 1075 1676 ne-

71 1698 157 1763 fario
172 1698 312 1783 quodam
325 1700 434 1765 furore
449 1703 482 1764 e
467 1699 629 1765 taudacia
647 1699 821 1765 instinctus
838 1700 961 1765 bellum
981 1700 1076 1764 sacri-

71 1787 185 1872 legum
210 1809 336 1878 semper
358 1787 557 1889 impiumque
579 1788 695 1854 habuit
716 1787 963 1872 indictum,ut,
991 1788 1019 1851 si
1041 1788 1076 1851 in

70 1875 136 1940 hoc
162 1895 216 1939 reo
245 1875 378 1976 atqpe
369 1897 404 1939 m
429 1875 491 1940 hac
518 1897 616 1940 causa
642 1876 751 1940 omnia
777 1897 849 1940 mea
876 1837 1012 1941 consilia
1035 1875 1076 1938 sd

24 1982 56 2021 ao
73 1961 213 2027 salutem
249 1963 425 2046 sociorum,
466 1963 607 2064 dignitat
574 1985 660 2028 aem
695 1964 742 2028 rei
777 1963 940 2047 publicae,
978 1963 1075 2026 fidem

71 2071 180 2114 meam
199 2054 435 2134 spectavenmt,
456 2052 484 2114 si
501 2051 626 2116 nullam
646 2051 772 2116 adrem
790 2051 854 2115 nisi
845 2051 913 2115 ad
932 2050 1075 2116 officium

73 2142 108 2202 et
120 2137 274 2202 virtutem
289 2160 400 2204 omnes
417 2160 507 2204 meae
526 2161 629 2223 curae,
647 2139 779 2240 vigiliae
797 2139 1075 2224 cogitationesque

73 2225 296 2328 elaborarunt,
333 2248 415 2310 quaa
451 2249 525 2291 mec
555 2248 645 2291 mens
677 2227 712 2291 in
744 2226 946 2328 suscipienda
978 2247 1075 2291 causa

71 2312 149 2396 fuit,
176 2313 291 2377 fides
282 2335 317 2377 m
339 2314 476 2400 agenda,
505 2315 615 2379 eadem
637 2318 748 2380 vestra
770 2314 845 2379 sit
835 2336 871 2378 m
892 2314 1074 2394 iudicanda3

28 2419 57 2459 ιι
74 2399 186 2463 deinde
204 2400 253 2464 nti
272 2399 306 2466 O.
320 2399 464 2487 Verrem,
488 2403 516 2466 si
535 2403 602 2467 eius
626 2403 735 2468 omnia
757 2405 833 2467 sunt
854 2402 1001 2467 inaudita
1024 2405 1056 2466 et
1077 2416 1126 2466 189

73 2488 252 2572 singularia
278 2487 423 2555 facinora
447 2453 591 2574 dceleris,
619 2490 784 2574 audaciae,
809 2491 976 2592 perfidiae,
1002 2491 1074 2554 libi-

73 2575 170 2660 dinis,
197 2576 367 2661 avaritiae,
390 2577 604 2661 crudelitatis,
628 2578 744 2663 dignus
768 2578 871 2643 exitus
895 2579 963 2643 eius
986 2578 1075 2642 modi

72 2664 141 2728 vita
173 2668 269 2748 atque
296 2665 392 2730 factis
420 2669 529 2731 vestro
556 2665 673 2730 iudicio
702 2669 931 2750 consequatur,
962 2666 1073 2749 utique

74 2771 125 2816 res
155 2751 285 2835 publica
316 2775 451 2837 meaque
482 2754 562 2818 fides
591 2775 656 2818 una
682 2754 743 2818 hac
771 2753 974 2819 accusatione
1001 2775 1073 2818 mea

32 2842 225 2903 neomenia
252 2839 296 2903 sit
323 2841 465 2925 mihique
488 2841 625 2926 posthac
647 2842 750 2907 bonos
773 2841 881 2924 potius
906 2841 1073 2906 defendere

74 2926 170 2990 liceat
192 2948 287 3010 quam
311 2929 465 3013 inprobos
490 2951 639 2994 accusare
662 2949 791 2994 neccsse
815 2929 867 2993 sit.
