<?xml version="1.0" encoding="UTF-8"?>
<!DOCTYPE html PUBLIC "-//W3C//DTD XHTML 1.0 Transitional//EN"
    "http://www.w3.org/TR/xhtml1/DTD/xhtml1-transitional.dtd">
<html xmlns="http://www.w3.org/1999/xhtml" xml:lang="en" lang="en">
 <head>
  <title>
</title>
<meta http-equiv="Content-Type" content="text/html;charset=utf-8" />
  <meta name='ocr-system' content='tesseract 3.04.00' />
  <meta name='ocr-capabilities' content='ocr_page ocr_carea ocr_par ocr_line ocrx_word'/>
</head>
<body>
  <div class='ocr_page' id='page_1' title='image "./scriptaquaemans01mullgoog_0343.png"; bbox 0 0 2576 3882; ppageno 0'>
   <div class='ocr_carea' id='block_1_1' title="bbox 178 165 886 234">
    <p class='ocr_par' dir='ltr' id='par_1_1' title="bbox 178 165 886 234">
     <span class='ocr_line' id='line_1_1' title="bbox 178 165 886 234; baseline -0.013 -1"><span class='ocrx_word' id='word_1_1' title='bbox 178 168 243 234; x_wconf 80' lang='grc'>228</span> <span class='ocrx_word' id='word_1_2' title='bbox 478 168 518 222; x_wconf 89' lang='lat' dir='ltr'>lN</span> <span class='ocrx_word' id='word_1_3' title='bbox 538 165 567 224; x_wconf 81' lang='lat' dir='ltr'>C.</span> <span class='ocrx_word' id='word_1_4' title='bbox 581 168 736 225; x_wconf 82' lang='lat' dir='ltr'>VERREM</span> <span class='ocrx_word' id='word_1_5' title='bbox 753 167 832 224; x_wconf 73' lang='lat' dir='ltr'>Aer.</span> <span class='ocrx_word' id='word_1_6' title='bbox 851 171 886 225; x_wconf 91' lang='lat' dir='ltr'>II.</span> 
     </span>
    </p>
   </div>
   <div class='ocr_carea' id='block_1_2' title="bbox 124 312 1274 3316">
    <p class='ocr_par' dir='ltr' id='par_1_2' title="bbox 177 312 1186 399">
     <span class='ocr_line' id='line_1_2' title="bbox 177 312 1186 399; baseline -0.001 -19"><span class='ocrx_word' id='word_1_7' title='bbox 177 314 284 380; x_wconf 88' lang='lat' dir='ltr'>curiae</span> <span class='ocrx_word' id='word_1_8' title='bbox 311 312 509 380; x_wconf 90' lang='lat' dir='ltr'>constituere</span> <span class='ocrx_word' id='word_1_9' title='bbox 531 313 653 399; x_wconf 78' lang='lat' dir='ltr'>velitis,</span> <span class='ocrx_word' id='word_1_10' title='bbox 680 313 829 379; x_wconf 86' lang='lat' dir='ltr'>habeatis</span> <span class='ocrx_word' id='word_1_11' title='bbox 853 335 931 378; x_wconf 87' lang='lat' dir='ltr'>sane</span> <span class='ocrx_word' id='word_1_12' title='bbox 953 313 1053 379; x_wconf 89' lang='lat' dir='ltr'>istum</span> <span class='ocrx_word' id='word_1_13' title='bbox 1076 313 1186 379; x_wconf 85' lang='lat' dir='ltr'>vobis·</span> 
     </span>
    </p>

    <p class='ocr_par' dir='ltr' id='par_1_3' title="bbox 177 375 1274 488">
     <span class='ocr_line' id='line_1_3' title="bbox 177 401 1186 488; baseline -0.001 -20"><span class='ocrx_word' id='word_1_14' title='bbox 177 424 251 468; x_wconf 87' lang='lat' dir='ltr'>cum</span> <span class='ocrx_word' id='word_1_15' title='bbox 284 406 480 488; x_wconf 76' lang='lat' dir='ltr'><strong>senatorem,</strong></span> <span class='ocrx_word' id='word_1_16' title='bbox 512 403 612 469; x_wconf 84' lang='lat' dir='ltr'>etiam</span> <span class='ocrx_word' id='word_1_17' title='bbox 644 402 682 466; x_wconf 92' lang='lat' dir='ltr'>de</span> <span class='ocrx_word' id='word_1_18' title='bbox 714 402 806 467; x_wconf 87' lang='lat' dir='ltr'>vobis</span> <span class='ocrx_word' id='word_1_19' title='bbox 834 401 985 486; x_wconf 90' lang='lat' dir='ltr'>iudicem,</span> <span class='ocrx_word' id='word_1_20' title='bbox 1017 401 1046 467; x_wconf 90' lang='lat' dir='ltr'>si</span> <span class='ocrx_word' id='word_1_21' title='bbox 1074 403 1186 488; x_wconf 83' lang='lat' dir='ltr'>vultis,</span> 
     </span>
    </p>

    <p class='ocr_par' dir='ltr' id='par_1_4' title="bbox 168 477 1274 840">
     <span class='ocr_line' id='line_1_4' title="bbox 168 477 1274 575; baseline 0.001 -20"><span class='ocrx_word' id='word_1_22' title='bbox 168 490 342 575; x_wconf 76' lang='lat' dir='ltr'>babentis5</span> <span class='ocrx_word' id='word_1_23' title='bbox 367 491 406 556; x_wconf 90' lang='lat' dir='ltr'>de</span> <span class='ocrx_word' id='word_1_24' title='bbox 429 513 464 559; x_wconf 91' lang='lat' dir='ltr'>se</span> <span class='ocrx_word' id='word_1_25' title='bbox 486 491 648 575; x_wconf 89' lang='lat' dir='ltr'>homines,</span> <span class='ocrx_word' id='word_1_26' title='bbox 671 490 778 575; x_wconf 91' lang='lat' dir='ltr'>siqui</span> <span class='ocrx_word' id='word_1_27' title='bbox 801 493 894 555; x_wconf 82' lang='lat' dir='ltr'>extra</span> <span class='ocrx_word' id='word_1_28' title='bbox 915 490 1016 555; x_wconf 91' lang='lat' dir='ltr'>istum</span> <span class='ocrx_word' id='word_1_29' title='bbox 1038 489 1186 556; x_wconf 81' lang='lat' dir='ltr'><strong>ordinem</strong></span> <span class='ocrx_word' id='word_1_30' title='bbox 1273 477 1274 571; x_wconf 71' lang='lat' dir='ltr'>l</span> 
     </span>
     <span class='ocr_line' id='line_1_5' title="bbox 178 573 1274 664; baseline 0 -20"><span class='ocrx_word' id='word_1_31' title='bbox 178 583 264 663; x_wconf 89' lang='lat' dir='ltr'>sunt,</span> <span class='ocrx_word' id='word_1_32' title='bbox 287 579 403 664; x_wconf 89' lang='lat' dir='ltr'>quibus</span> <span class='ocrx_word' id='word_1_33' title='bbox 421 601 463 645; x_wconf 90' lang='lat' dir='ltr'>ne</span> <span class='ocrx_word' id='word_1_34' title='bbox 480 579 637 646; x_wconf 79' lang='lat' dir='ltr'>reiciundi</span> <span class='ocrx_word' id='word_1_35' title='bbox 655 577 790 663; x_wconf 91' lang='lat' dir='ltr'>quidem</span> <span class='ocrx_word' id='word_1_36' title='bbox 803 578 944 663; x_wconf 88' lang='lat' dir='ltr'>amplius</span> <span class='ocrx_word' id='word_1_37' title='bbox 963 600 1061 662; x_wconf 87' lang='lat' dir='ltr'>quam</span> <span class='ocrx_word' id='word_1_38' title='bbox 1083 577 1185 644; x_wconf 90' lang='lat' dir='ltr'>trium</span> <span class='ocrx_word' id='word_1_39' title='bbox 1273 573 1274 586; x_wconf 51' lang='lat'>¹</span> 
     </span>
     <span class='ocr_line' id='line_1_6' title="bbox 176 665 1212 754; baseline -0.005 -21"><span class='ocrx_word' id='word_1_40' title='bbox 176 667 318 733; x_wconf 90' lang='lat' dir='ltr'>iudicum</span> <span class='ocrx_word' id='word_1_41' title='bbox 336 669 523 754; x_wconf 88' lang='lat' dir='ltr'>praeclarae</span> <span class='ocrx_word' id='word_1_42' title='bbox 541 669 631 754; x_wconf 84' lang='lat' dir='ltr'>leges</span> <span class='ocrx_word' id='word_1_43' title='bbox 647 665 817 733; x_wconf 81' lang='lat' dir='ltr'>Corneliae</span> <span class='ocrx_word' id='word_1_44' title='bbox 834 666 960 732; x_wconf 84' lang='lat' dir='ltr'>faciunt</span> <span class='ocrx_word' id='word_1_45' title='bbox 977 670 1212 752; x_wconf 79' lang='lat' dir='ltr'>potestatem,s</span> 
     </span>
     <span class='ocr_line' id='line_1_7' title="bbox 177 755 1186 840; baseline 0.002 -20"><span class='ocrx_word' id='word_1_46' title='bbox 177 756 263 821; x_wconf 90' lang='lat' dir='ltr'>hunc</span> <span class='ocrx_word' id='word_1_47' title='bbox 290 756 455 822; x_wconf 90' lang='lat' dir='ltr'>hominem</span> <span class='ocrx_word' id='word_1_48' title='bbox 482 762 551 822; x_wconf 89' lang='lat' dir='ltr'>tam</span> <span class='ocrx_word' id='word_1_49' title='bbox 579 755 753 840; x_wconf 85' lang='lat' dir='ltr'>crudelem,</span> <span class='ocrx_word' id='word_1_50' title='bbox 782 758 852 820; x_wconf 89' lang='lat' dir='ltr'>tam</span> <span class='ocrx_word' id='word_1_51' title='bbox 880 755 1087 839; x_wconf 88' lang='lat' dir='ltr'>sceleratum,</span> <span class='ocrx_word' id='word_1_52' title='bbox 1115 759 1186 822; x_wconf 86' lang='lat' dir='ltr'>tam</span> 
     </span>
    </p>

    <p class='ocr_par' dir='ltr' id='par_1_5' title="bbox 124 816 1255 2341">
     <span class='ocr_line' id='line_1_8' title="bbox 124 816 1187 944; baseline 0 -35"><span class='ocrx_word' id='word_1_53' title='bbox 124 816 338 944; x_wconf 49' lang='lat' dir='ltr'>&amp;gualarium</span> <span class='ocrx_word' id='word_1_54' title='bbox 365 847 482 911; x_wconf 75' lang='lat' dir='ltr'>noune</span> <span class='ocrx_word' id='word_1_55' title='bbox 509 844 658 910; x_wconf 70' lang='lat' dir='ltr'>iuuare.</span> <span class='ocrx_word' id='word_1_56' title='bbox 702 843 835 910; x_wconf 71' lang='lat' dir='ltr'>mentm</span> <span class='ocrx_word' id='word_1_57' title='bbox 863 843 892 908; x_wconf 74' lang='lat' dir='ltr'>si</span> <span class='ocrx_word' id='word_1_58' title='bbox 919 843 999 908; x_wconf 80' lang='lat' dir='ltr'>mua</span> <span class='ocrx_word' id='word_1_59' title='bbox 1021 847 1073 908; x_wconf 75' lang='lat' dir='ltr'>ae</span> <span class='ocrx_word' id='word_1_60' title='bbox 1093 843 1187 930; x_wconf 51' lang='lat' dir='ltr'>flae-</span> 
     </span>
     <span class='ocr_line' id='line_1_9' title="bbox 177 931 1187 1018; baseline 0 -20"><span class='ocrx_word' id='word_1_61' title='bbox 177 933 308 1018; x_wconf 90' lang='lat' dir='ltr'>tiosum,</span> <span class='ocrx_word' id='word_1_62' title='bbox 332 934 419 1017; x_wconf 92' lang='lat' dir='ltr'>quod</span> <span class='ocrx_word' id='word_1_63' title='bbox 436 933 518 998; x_wconf 89' lang='lat' dir='ltr'>milri</span> <span class='ocrx_word' id='word_1_64' title='bbox 540 932 685 998; x_wconf 88' lang='lat' dir='ltr'>omnium</span> <span class='ocrx_word' id='word_1_65' title='bbox 707 954 815 997; x_wconf 91' lang='lat' dir='ltr'>rerum</span> <span class='ocrx_word' id='word_1_66' title='bbox 838 931 1063 1015; x_wconf 88' lang='lat' dir='ltr'>turpissimum</span> <span class='ocrx_word' id='word_1_67' title='bbox 1086 933 1187 998; x_wconf 84' lang='lat' dir='ltr'>maxi-</span> 
     </span>
     <span class='ocr_line' id='line_1_10' title="bbox 177 1019 1186 1107; baseline -0.001 -20"><span class='ocrx_word' id='word_1_68' title='bbox 177 1044 292 1107; x_wconf 87' lang='lat' dir='ltr'>meque</span> <span class='ocrx_word' id='word_1_69' title='bbox 309 1021 471 1088; x_wconf 87' lang='lat' dir='ltr'>nefarium</span> <span class='ocrx_word' id='word_1_70' title='bbox 489 1020 626 1104; x_wconf 82' lang='lat' dir='ltr'>videtur,</span> <span class='ocrx_word' id='word_1_71' title='bbox 644 1021 685 1085; x_wconf 95' lang='lat' dir='ltr'>ob</span> <span class='ocrx_word' id='word_1_72' title='bbox 704 1042 774 1086; x_wconf 91' lang='lat' dir='ltr'>rem</span> <span class='ocrx_word' id='word_1_73' title='bbox 791 1019 995 1086; x_wconf 87' lang='lat' dir='ltr'>iudicandam</span> <span class='ocrx_word' id='word_1_74' title='bbox 1013 1020 1186 1105; x_wconf 87' lang='lat' dir='ltr'>pecuniam</span> 
     </span>
     <span class='ocr_line' id='line_1_11' title="bbox 177 1107 1227 1195; baseline -0.007 -20"><span class='ocrx_word' id='word_1_75' title='bbox 177 1111 331 1195; x_wconf 86' lang='lat' dir='ltr'>accipere,</span> <span class='ocrx_word' id='word_1_76' title='bbox 353 1110 460 1194; x_wconf 89' lang='lat' dir='ltr'>pretio</span> <span class='ocrx_word' id='word_1_77' title='bbox 480 1109 601 1174; x_wconf 89' lang='lat' dir='ltr'>habere</span> <span class='ocrx_word' id='word_1_78' title='bbox 624 1107 785 1174; x_wconf 73' lang='lat' dir='ltr'>addictam</span> <span class='ocrx_word' id='word_1_79' title='bbox 807 1108 904 1174; x_wconf 88' lang='lat' dir='ltr'>fidem</span> <span class='ocrx_word' id='word_1_80' title='bbox 927 1111 961 1173; x_wconf 87' lang='lat' dir='ltr'>et</span> <span class='ocrx_word' id='word_1_81' title='bbox 982 1108 1185 1195; x_wconf 82' lang='lat' dir='ltr'>religionem,</span> <span class='ocrx_word' id='word_1_82' title='bbox 1199 1130 1227 1169; x_wconf 84' lang='grc' dir='ltr'>ιο</span> 
     </span>
     <span class='ocr_line' id='line_1_12' title="bbox 177 1195 1186 1284; baseline -0.002 -21"><span class='ocrx_word' id='word_1_83' title='bbox 177 1202 299 1284; x_wconf 85' lang='lat' dir='ltr'>quanto</span> <span class='ocrx_word' id='word_1_84' title='bbox 331 1197 415 1262; x_wconf 90' lang='lat' dir='ltr'>illud</span> <span class='ocrx_word' id='word_1_85' title='bbox 439 1197 649 1284; x_wconf 82' lang='lat' dir='ltr'>flagitiosius,</span> <span class='ocrx_word' id='word_1_86' title='bbox 680 1195 863 1282; x_wconf 87' lang='lat' dir='ltr'>inprobius,</span> <span class='ocrx_word' id='word_1_87' title='bbox 892 1196 1070 1282; x_wconf 83' lang='lat' dir='ltr'>indignius,</span> <span class='ocrx_word' id='word_1_88' title='bbox 1101 1218 1186 1283; x_wconf 90' lang='lat' dir='ltr'>eum,</span> 
     </span>
     <span class='ocr_line' id='line_1_13' title="bbox 177 1285 1187 1371; baseline 0.001 -20"><span class='ocrx_word' id='word_1_89' title='bbox 177 1310 197 1352; x_wconf 91' lang='lat' dir='ltr'>a</span> <span class='ocrx_word' id='word_1_90' title='bbox 224 1307 288 1370; x_wconf 92' lang='lat' dir='ltr'>quo</span> <span class='ocrx_word' id='word_1_91' title='bbox 315 1285 486 1371; x_wconf 84' lang='lat' dir='ltr'>pecuniam</span> <span class='ocrx_word' id='word_1_92' title='bbox 513 1286 555 1351; x_wconf 89' lang='lat' dir='ltr'>ob</span> <span class='ocrx_word' id='word_1_93' title='bbox 581 1285 813 1351; x_wconf 82' lang='lat' dir='ltr'>absolvendum</span> <span class='ocrx_word' id='word_1_94' title='bbox 836 1285 1011 1370; x_wconf 90' lang='lat' dir='ltr'>acceperis,</span> <span class='ocrx_word' id='word_1_95' title='bbox 1039 1285 1187 1352; x_wconf 90' lang='lat' dir='ltr'>condem·</span> 
     </span>
     <span class='ocr_line' id='line_1_14' title="bbox 175 1373 1188 1459; baseline -0.002 -19"><span class='ocrx_word' id='word_1_96' title='bbox 175 1397 267 1457; x_wconf 88' lang='lat' dir='ltr'>nare,</span> <span class='ocrx_word' id='word_1_97' title='bbox 294 1377 332 1439; x_wconf 83' lang='lat' dir='ltr'>ut</span> <span class='ocrx_word' id='word_1_98' title='bbox 358 1395 398 1440; x_wconf 89' lang='lat' dir='ltr'>ne</span> <span class='ocrx_word' id='word_1_99' title='bbox 424 1373 625 1459; x_wconf 88' lang='lat' dir='ltr'>praedonum</span> <span class='ocrx_word' id='word_1_100' title='bbox 653 1373 782 1458; x_wconf 90' lang='lat' dir='ltr'>quidem</span> <span class='ocrx_word' id='word_1_101' title='bbox 808 1376 941 1458; x_wconf 86' lang='lat' dir='ltr'>praetor</span> <span class='ocrx_word' id='word_1_102' title='bbox 966 1373 1003 1438; x_wconf 91' lang='lat' dir='ltr'>in</span> <span class='ocrx_word' id='word_1_103' title='bbox 1024 1373 1087 1438; x_wconf 90' lang='lat' dir='ltr'>fide</span> <span class='ocrx_word' id='word_1_104' title='bbox 1109 1375 1188 1438; x_wconf 83' lang='lat' dir='ltr'>reti-</span> 
     </span>
     <span class='ocr_line' id='line_1_15' title="bbox 175 1459 1186 1528; baseline 0.001 -1"><span class='ocrx_word' id='word_1_105' title='bbox 175 1462 281 1527; x_wconf 90' lang='lat' dir='ltr'>nenda</span> <span class='ocrx_word' id='word_1_106' title='bbox 312 1461 575 1528; x_wconf 74' lang='lat' dir='ltr'>consuetudinem</span> <span class='ocrx_word' id='word_1_107' title='bbox 607 1463 789 1528; x_wconf 84' lang='lat' dir='ltr'>conservet!</span> <span class='ocrx_word' id='word_1_108' title='bbox 834 1459 945 1527; x_wconf 82' lang='lat' dir='ltr'>Scelus</span> <span class='ocrx_word' id='word_1_109' title='bbox 979 1465 1029 1527; x_wconf 90' lang='lat' dir='ltr'>est</span> <span class='ocrx_word' id='word_1_110' title='bbox 1057 1462 1099 1527; x_wconf 91' lang='lat' dir='ltr'>ab</span> <span class='ocrx_word' id='word_1_111' title='bbox 1127 1484 1186 1528; x_wconf 90' lang='lat' dir='ltr'>reo</span> 
     </span>
     <span class='ocr_line' id='line_1_16' title="bbox 177 1550 1227 1637; baseline -0.006 -22"><span class='ocrx_word' id='word_1_112' title='bbox 177 1550 335 1634; x_wconf 81' lang='lat' dir='ltr'>accipere3</span> <span class='ocrx_word' id='word_1_113' title='bbox 362 1554 482 1635; x_wconf 89' lang='lat' dir='ltr'>quanto</span> <span class='ocrx_word' id='word_1_114' title='bbox 511 1551 617 1637; x_wconf 80' lang='lat' dir='ltr'>magis</span> <span class='ocrx_word' id='word_1_115' title='bbox 645 1551 686 1615; x_wconf 91' lang='lat' dir='ltr'>ab</span> <span class='ocrx_word' id='word_1_116' title='bbox 711 1554 910 1634; x_wconf 69' lang='lat' dir='ltr'>accusatore,</span> <span class='ocrx_word' id='word_1_117' title='bbox 938 1553 1060 1634; x_wconf 85' lang='lat' dir='ltr'>quanto</span> <span class='ocrx_word' id='word_1_118' title='bbox 1083 1550 1186 1616; x_wconf 89' lang='lat' dir='ltr'>etiam</span> <span class='ocrx_word' id='word_1_119' title='bbox 1201 1570 1227 1610; x_wconf 78' lang='lat' dir='ltr'>rs</span> 
     </span>
     <span class='ocr_line' id='line_1_17' title="bbox 176 1637 1188 1724; baseline 0 -20"><span class='ocrx_word' id='word_1_120' title='bbox 176 1639 366 1704; x_wconf 81' lang='lat' dir='ltr'>sceleratius</span> <span class='ocrx_word' id='word_1_121' title='bbox 393 1639 435 1705; x_wconf 89' lang='lat' dir='ltr'>ab</span> <span class='ocrx_word' id='word_1_122' title='bbox 461 1641 612 1724; x_wconf 87' lang='lat' dir='ltr'>utroquel</span> <span class='ocrx_word' id='word_1_123' title='bbox 655 1637 768 1704; x_wconf 85' lang='lat' dir='ltr'>Fidem</span> <span class='ocrx_word' id='word_1_124' title='bbox 791 1661 864 1705; x_wconf 89' lang='lat' dir='ltr'>cum</span> <span class='ocrx_word' id='word_1_125' title='bbox 886 1639 1111 1724; x_wconf 88' lang='lat' dir='ltr'>proposuisses</span> <span class='ocrx_word' id='word_1_126' title='bbox 1133 1661 1188 1704; x_wconf 86' lang='lat' dir='ltr'>ve·</span> 
     </span>
     <span class='ocr_line' id='line_1_18' title="bbox 175 1727 1188 1813; baseline 0.001 -21"><span class='ocrx_word' id='word_1_127' title='bbox 175 1728 284 1792; x_wconf 89' lang='lat' dir='ltr'>nalem</span> <span class='ocrx_word' id='word_1_128' title='bbox 311 1727 347 1793; x_wconf 91' lang='lat' dir='ltr'>in</span> <span class='ocrx_word' id='word_1_129' title='bbox 372 1728 551 1813; x_wconf 84' lang='lat' dir='ltr'>provincia,</span> <span class='ocrx_word' id='word_1_130' title='bbox 573 1727 678 1793; x_wconf 87' lang='lat' dir='ltr'>valuit</span> <span class='ocrx_word' id='word_1_131' title='bbox 705 1727 790 1812; x_wconf 90' lang='lat' dir='ltr'>apud</span> <span class='ocrx_word' id='word_1_132' title='bbox 816 1731 851 1792; x_wconf 88' lang='lat' dir='ltr'>te</span> <span class='ocrx_word' id='word_1_133' title='bbox 876 1727 951 1812; x_wconf 91' lang='lat' dir='ltr'>plus</span> <span class='ocrx_word' id='word_1_134' title='bbox 979 1727 1022 1811; x_wconf 91' lang='lat' dir='ltr'>is,</span> <span class='ocrx_word' id='word_1_135' title='bbox 1050 1727 1105 1811; x_wconf 92' lang='lat' dir='ltr'>qui</span> <span class='ocrx_word' id='word_1_136' title='bbox 1130 1749 1188 1812; x_wconf 91' lang='lat' dir='ltr'>pe·</span> 
     </span>
     <span class='ocr_line' id='line_1_19' title="bbox 177 1814 1188 1900; baseline -0.001 -19"><span class='ocrx_word' id='word_1_137' title='bbox 177 1817 305 1881; x_wconf 90' lang='lat' dir='ltr'>cuniam</span> <span class='ocrx_word' id='word_1_138' title='bbox 323 1815 480 1882; x_wconf 90' lang='lat' dir='ltr'>maiorem</span> <span class='ocrx_word' id='word_1_139' title='bbox 501 1816 597 1882; x_wconf 90' lang='lat' dir='ltr'>dedit.</span> <span class='ocrx_word' id='word_1_140' title='bbox 639 1814 800 1900; x_wconf 78' lang='lat' dir='ltr'>Conced03</span> <span class='ocrx_word' id='word_1_141' title='bbox 822 1814 963 1881; x_wconf 85' lang='lat' dir='ltr'>forsitan</span> <span class='ocrx_word' id='word_1_142' title='bbox 985 1815 1103 1900; x_wconf 88' lang='lat' dir='ltr'>aliquis</span> <span class='ocrx_word' id='word_1_143' title='bbox 1128 1816 1188 1880; x_wconf 90' lang='lat' dir='ltr'>ali·</span> 
     </span>
     <span class='ocr_line' id='line_1_20' title="bbox 177 1901 1255 1990; baseline 0 -21"><span class='ocrx_word' id='word_1_144' title='bbox 177 1905 305 1988; x_wconf 90' lang='lat' dir='ltr'>quando</span> <span class='ocrx_word' id='word_1_145' title='bbox 325 1905 393 1970; x_wconf 90' lang='lat' dir='ltr'>eius</span> <span class='ocrx_word' id='word_1_146' title='bbox 418 1904 506 1970; x_wconf 92' lang='lat' dir='ltr'>modi</span> <span class='ocrx_word' id='word_1_147' title='bbox 529 1903 697 1990; x_wconf 89' lang='lat' dir='ltr'>quippiam</span> <span class='ocrx_word' id='word_1_148' title='bbox 719 1903 839 1969; x_wconf 89' lang='lat' dir='ltr'>fecerit.</span> <span class='ocrx_word' id='word_1_149' title='bbox 881 1901 964 1968; x_wconf 83' lang='lat' dir='ltr'>Cum</span> <span class='ocrx_word' id='word_1_150' title='bbox 986 1925 1064 1969; x_wconf 86' lang='lat' dir='ltr'>vero</span> <span class='ocrx_word' id='word_1_151' title='bbox 1086 1902 1189 1969; x_wconf 90' lang='lat' dir='ltr'>fidem</span> <span class='ocrx_word' id='word_1_152' title='bbox 1252 1977 1255 1985; x_wconf 30' lang='lat'><strong>¹</strong></span> 
     </span>
     <span class='ocr_line' id='line_1_21' title="bbox 177 1992 1228 2078; baseline -0.006 -20"><span class='ocrx_word' id='word_1_153' title='bbox 177 2014 214 2058; x_wconf 91' lang='lat' dir='ltr'>ac</span> <span class='ocrx_word' id='word_1_154' title='bbox 241 1993 433 2078; x_wconf 77' lang='lat' dir='ltr'>religionem</span> <span class='ocrx_word' id='word_1_155' title='bbox 459 1997 551 2059; x_wconf 88' lang='lat' dir='ltr'>tuam</span> <span class='ocrx_word' id='word_1_156' title='bbox 578 1993 644 2057; x_wconf 90' lang='lat' dir='ltr'>iarn</span> <span class='ocrx_word' id='word_1_157' title='bbox 672 1993 768 2058; x_wconf 81' lang='lat' dir='ltr'>elteri</span> <span class='ocrx_word' id='word_1_158' title='bbox 790 1992 953 2058; x_wconf 89' lang='lat' dir='ltr'>addictam</span> <span class='ocrx_word' id='word_1_159' title='bbox 976 1994 1109 2077; x_wconf 88' lang='lat' dir='ltr'>accepta</span> <span class='ocrx_word' id='word_1_160' title='bbox 1130 2015 1188 2077; x_wconf 91' lang='lat' dir='ltr'>pe·</span> <span class='ocrx_word' id='word_1_161' title='bbox 1202 2013 1228 2052; x_wconf 78' lang='lat' dir='ltr'>ro</span> 
     </span>
     <span class='ocr_line' id='line_1_22' title="bbox 176 2078 1188 2166; baseline 0 -20"><span class='ocrx_word' id='word_1_162' title='bbox 176 2081 272 2146; x_wconf 87' lang='lat' dir='ltr'>cunia</span> <span class='ocrx_word' id='word_1_163' title='bbox 298 2080 464 2166; x_wconf 87' lang='lat' dir='ltr'>habueris,</span> <span class='ocrx_word' id='word_1_164' title='bbox 495 2084 612 2166; x_wconf 89' lang='lat' dir='ltr'>postea</span> <span class='ocrx_word' id='word_1_165' title='bbox 638 2080 771 2145; x_wconf 82' lang='lat' dir='ltr'>eandem</span> <span class='ocrx_word' id='word_1_166' title='bbox 799 2078 984 2145; x_wconf 87' lang='lat' dir='ltr'>adversario</span> <span class='ocrx_word' id='word_1_167' title='bbox 1011 2079 1188 2146; x_wconf 90' lang='lat' dir='ltr'>tradideris</span> 
     </span>
     <span class='ocr_line' id='line_1_23' title="bbox 175 2167 1188 2254; baseline 0 -20"><span class='ocrx_word' id='word_1_168' title='bbox 175 2169 299 2234; x_wconf 88' lang='lat' dir='ltr'>maiore</span> <span class='ocrx_word' id='word_1_169' title='bbox 316 2169 461 2254; x_wconf 90' lang='lat' dir='ltr'>pecunia,</span> <span class='ocrx_word' id='word_1_170' title='bbox 484 2172 656 2253; x_wconf 90' lang='lat' dir='ltr'>utrumque</span> <span class='ocrx_word' id='word_1_171' title='bbox 674 2168 770 2233; x_wconf 88' lang='lat' dir='ltr'>falles</span> <span class='ocrx_word' id='word_1_172' title='bbox 794 2171 841 2250; x_wconf 90' lang='lat' dir='ltr'>[et</span> <span class='ocrx_word' id='word_1_173' title='bbox 864 2167 982 2252; x_wconf 90' lang='lat' dir='ltr'>trades,</span> <span class='ocrx_word' id='word_1_174' title='bbox 1006 2168 1058 2234; x_wconf 89' lang='lat' dir='ltr'>oui</span> <span class='ocrx_word' id='word_1_175' title='bbox 1079 2168 1188 2252; x_wconf 83' lang='lat' dir='ltr'>voles]</span> 
     </span>
     <span class='ocr_line' id='line_1_24' title="bbox 176 2256 1188 2341; baseline 0.002 -20"><span class='ocrx_word' id='word_1_176' title='bbox 176 2261 210 2321; x_wconf 93' lang='lat' dir='ltr'>et</span> <span class='ocrx_word' id='word_1_177' title='bbox 238 2257 282 2341; x_wconf 92' lang='lat' dir='ltr'>ei,</span> <span class='ocrx_word' id='word_1_178' title='bbox 309 2277 405 2340; x_wconf 91' lang='lat' dir='ltr'>quem</span> <span class='ocrx_word' id='word_1_179' title='bbox 431 2256 601 2341; x_wconf 86' lang='lat' dir='ltr'>fefelleris,</span> <span class='ocrx_word' id='word_1_180' title='bbox 627 2278 668 2322; x_wconf 91' lang='lat' dir='ltr'>ne</span> <span class='ocrx_word' id='word_1_181' title='bbox 695 2257 864 2341; x_wconf 89' lang='lat' dir='ltr'>pecuniam</span> <span class='ocrx_word' id='word_1_182' title='bbox 893 2257 1022 2341; x_wconf 90' lang='lat' dir='ltr'>quidem</span> <span class='ocrx_word' id='word_1_183' title='bbox 1046 2256 1188 2323; x_wconf 87' lang='lat' dir='ltr'>reddes?</span> 
     </span>
    </p>

    <p class='ocr_par' dir='ltr' id='par_1_6' title="bbox 124 2342 1232 3316">
     <span class='ocr_line' id='line_1_25' title="bbox 124 2342 1189 2430; baseline 0.002 -21"><span class='ocrx_word' id='word_1_184' title='bbox 124 2351 157 2400; x_wconf 78' lang='lat'>⁷9</span> <span class='ocrx_word' id='word_1_185' title='bbox 177 2343 279 2420; x_wconf 81' lang='lat' dir='ltr'>Quem</span> <span class='ocrx_word' id='word_1_186' title='bbox 306 2344 388 2409; x_wconf 90' lang='lat' dir='ltr'>mihi</span> <span class='ocrx_word' id='word_1_187' title='bbox 415 2348 452 2409; x_wconf 96' lang='lat' dir='ltr'>tu</span> <span class='ocrx_word' id='word_1_188' title='bbox 478 2343 634 2430; x_wconf 91' lang='lat' dir='ltr'>Bulbum,</span> <span class='ocrx_word' id='word_1_189' title='bbox 662 2367 758 2429; x_wconf 90' lang='lat' dir='ltr'>quem</span> <span class='ocrx_word' id='word_1_190' title='bbox 785 2342 975 2410; x_wconf 80' lang='lat' dir='ltr'>Staienum?</span> <span class='ocrx_word' id='word_1_191' title='bbox 1008 2344 1094 2430; x_wconf 90' lang='lat' dir='ltr'>quod</span> <span class='ocrx_word' id='word_1_192' title='bbox 1116 2367 1189 2412; x_wconf 89' lang='lat' dir='ltr'>urn-</span> 
     </span>
     <span class='ocr_line' id='line_1_26' title="bbox 177 2430 1231 2520; baseline -0.005 -22"><span class='ocrx_word' id='word_1_193' title='bbox 177 2454 275 2518; x_wconf 90' lang='lat' dir='ltr'>quam</span> <span class='ocrx_word' id='word_1_194' title='bbox 306 2430 439 2498; x_wconf 88' lang='lat' dir='ltr'>huiusce</span> <span class='ocrx_word' id='word_1_195' title='bbox 470 2434 559 2498; x_wconf 91' lang='lat' dir='ltr'>modi</span> <span class='ocrx_word' id='word_1_196' title='bbox 590 2437 772 2499; x_wconf 87' lang='lat' dir='ltr'>monstrum</span> <span class='ocrx_word' id='word_1_197' title='bbox 799 2436 857 2499; x_wconf 87' lang='lat' dir='ltr'>aut</span> <span class='ocrx_word' id='word_1_198' title='bbox 883 2432 1068 2520; x_wconf 81' lang='lat' dir='ltr'>prodigium</span> <span class='ocrx_word' id='word_1_199' title='bbox 1097 2433 1189 2499; x_wconf 86' lang='lat' dir='ltr'>audi-</span> <span class='ocrx_word' id='word_1_200' title='bbox 1203 2453 1231 2493; x_wconf 82' lang='lat' dir='ltr'>ss</span> 
     </span>
     <span class='ocr_line' id='line_1_27' title="bbox 176 2521 1189 2608; baseline 0.001 -21"><span class='ocrx_word' id='word_1_201' title='bbox 176 2522 282 2587; x_wconf 85' lang='lat' dir='ltr'>vimus</span> <span class='ocrx_word' id='word_1_202' title='bbox 304 2525 362 2586; x_wconf 85' lang='lat' dir='ltr'>aut</span> <span class='ocrx_word' id='word_1_203' title='bbox 383 2521 538 2605; x_wconf 87' lang='lat' dir='ltr'>vidimus,</span> <span class='ocrx_word' id='word_1_204' title='bbox 560 2521 617 2606; x_wconf 90' lang='lat' dir='ltr'>qui</span> <span class='ocrx_word' id='word_1_205' title='bbox 639 2545 712 2588; x_wconf 90' lang='lat' dir='ltr'>oum</span> <span class='ocrx_word' id='word_1_206' title='bbox 734 2543 790 2587; x_wconf 92' lang='lat' dir='ltr'>reo</span> <span class='ocrx_word' id='word_1_207' title='bbox 813 2521 989 2608; x_wconf 84' lang='lat' dir='ltr'>transigat,</span> <span class='ocrx_word' id='word_1_208' title='bbox 1011 2524 1088 2607; x_wconf 91' lang='lat' dir='ltr'>post</span> <span class='ocrx_word' id='word_1_209' title='bbox 1110 2543 1189 2588; x_wconf 91' lang='lat' dir='ltr'>cum</span> 
     </span>
     <span class='ocr_line' id='line_1_28' title="bbox 176 2608 1189 2695; baseline 0.001 -19"><span class='ocrx_word' id='word_1_210' title='bbox 176 2614 363 2676; x_wconf 88' lang='lat' dir='ltr'>accusatore</span> <span class='ocrx_word' id='word_1_211' title='bbox 401 2609 540 2695; x_wconf 89' lang='lat' dir='ltr'>decidat,</span> <span class='ocrx_word' id='word_1_212' title='bbox 576 2610 730 2675; x_wconf 87' lang='lat' dir='ltr'>honestos</span> <span class='ocrx_word' id='word_1_213' title='bbox 765 2608 927 2694; x_wconf 89' lang='lat' dir='ltr'>homines,</span> <span class='ocrx_word' id='word_1_214' title='bbox 965 2610 1019 2694; x_wconf 92' lang='lat' dir='ltr'>qui</span> <span class='ocrx_word' id='word_1_215' title='bbox 1051 2631 1189 2677; x_wconf 87' lang='lat' dir='ltr'>causam</span> 
     </span>
     <span class='ocr_line' id='line_1_29' title="bbox 175 2697 1189 2785; baseline 0.001 -20"><span class='ocrx_word' id='word_1_216' title='bbox 175 2699 296 2783; x_wconf 88' lang='lat' dir='ltr'>norint,</span> <span class='ocrx_word' id='word_1_217' title='bbox 315 2699 446 2785; x_wconf 82' lang='lat' dir='ltr'>ableget</span> <span class='ocrx_word' id='word_1_218' title='bbox 465 2721 485 2763; x_wconf 87' lang='lat' dir='ltr'>a</span> <span class='ocrx_word' id='word_1_219' title='bbox 503 2698 701 2783; x_wconf 90' lang='lat' dir='ltr'>consilioque</span> <span class='ocrx_word' id='word_1_220' title='bbox 720 2697 874 2782; x_wconf 86' lang='lat' dir='ltr'>dimittat,</span> <span class='ocrx_word' id='word_1_221' title='bbox 895 2699 965 2783; x_wconf 91' lang='lat' dir='ltr'>ipse</span> <span class='ocrx_word' id='word_1_222' title='bbox 983 2698 1072 2764; x_wconf 92' lang='lat' dir='ltr'>solus</span> <span class='ocrx_word' id='word_1_223' title='bbox 1091 2720 1189 2766; x_wconf 87' lang='lat' dir='ltr'>reum</span> 
     </span>
     <span class='ocr_line' id='line_1_30' title="bbox 177 2786 1190 2873; baseline 0.001 -20"><span class='ocrx_word' id='word_1_224' title='bbox 177 2788 377 2873; x_wconf 91' lang='lat' dir='ltr'>absolutum,</span> <span class='ocrx_word' id='word_1_225' title='bbox 401 2811 420 2852; x_wconf 91' lang='lat' dir='ltr'>a</span> <span class='ocrx_word' id='word_1_226' title='bbox 443 2809 506 2873; x_wconf 89' lang='lat' dir='ltr'>quo</span> <span class='ocrx_word' id='word_1_227' title='bbox 529 2787 699 2872; x_wconf 88' lang='lat' dir='ltr'>pecuniam</span> <span class='ocrx_word' id='word_1_228' title='bbox 722 2787 895 2872; x_wconf 86' lang='lat' dir='ltr'>acceperit,</span> <span class='ocrx_word' id='word_1_229' title='bbox 918 2786 1108 2852; x_wconf 76' lang='lat' dir='ltr'>condemnet</span> <span class='ocrx_word' id='word_1_230' title='bbox 1130 2809 1190 2873; x_wconf 88' lang='lat' dir='ltr'>pe-</span> 
     </span>
     <span class='ocr_line' id='line_1_31' title="bbox 177 2873 1232 2961; baseline -0.007 -19"><span class='ocrx_word' id='word_1_231' title='bbox 177 2877 369 2961; x_wconf 85' lang='lat' dir='ltr'>cuniamque</span> <span class='ocrx_word' id='word_1_232' title='bbox 396 2898 463 2941; x_wconf 90' lang='lat' dir='ltr'>non</span> <span class='ocrx_word' id='word_1_233' title='bbox 489 2875 625 2940; x_wconf 86' lang='lat' dir='ltr'>reddat?</span> <span class='ocrx_word' id='word_1_234' title='bbox 668 2873 957 2941; x_wconf 72' lang='lat' dir='ltr'>Hunchominem</span> <span class='ocrx_word' id='word_1_235' title='bbox 983 2875 1019 2940; x_wconf 93' lang='lat' dir='ltr'>in</span> <span class='ocrx_word' id='word_1_236' title='bbox 1042 2874 1190 2942; x_wconf 89' lang='lat' dir='ltr'>iudicum</span> <span class='ocrx_word' id='word_1_237' title='bbox 1204 2895 1232 2935; x_wconf 84' lang='lat' dir='ltr'>eo</span> 
     </span>
     <span class='ocr_line' id='line_1_32' title="bbox 176 2962 1191 3032; baseline 0.002 -2"><span class='ocrx_word' id='word_1_238' title='bbox 176 2987 310 3030; x_wconf 90' lang='lat' dir='ltr'>numero</span> <span class='ocrx_word' id='word_1_239' title='bbox 329 2964 543 3030; x_wconf 78' lang='lat' dir='ltr'>habebimus?</span> <span class='ocrx_word' id='word_1_240' title='bbox 566 2962 619 3028; x_wconf 91' lang='lat' dir='ltr'>hic</span> <span class='ocrx_word' id='word_1_241' title='bbox 637 2964 775 3029; x_wconf 90' lang='lat' dir='ltr'>alteram</span> <span class='ocrx_word' id='word_1_242' title='bbox 800 2963 961 3029; x_wconf 88' lang='lat' dir='ltr'>decuriam</span> <span class='ocrx_word' id='word_1_243' title='bbox 986 2964 1191 3032; x_wconf 81' lang='lat' dir='ltr'>senatoriam</span> 
     </span>
     <span class='ocr_line' id='line_1_33' title="bbox 176 3050 1191 3136; baseline 0.003 -19"><span class='ocrx_word' id='word_1_244' title='bbox 176 3054 271 3118; x_wconf 85' lang='lat' dir='ltr'>iudex</span> <span class='ocrx_word' id='word_1_245' title='bbox 300 3053 482 3119; x_wconf 81' lang='lat' dir='ltr'>obtinebit?</span> <span class='ocrx_word' id='word_1_246' title='bbox 509 3050 563 3116; x_wconf 88' lang='lat' dir='ltr'>hio</span> <span class='ocrx_word' id='word_1_247' title='bbox 586 3050 624 3116; x_wconf 90' lang='lat' dir='ltr'>de</span> <span class='ocrx_word' id='word_1_248' title='bbox 647 3051 753 3136; x_wconf 89' lang='lat' dir='ltr'>capite</span> <span class='ocrx_word' id='word_1_249' title='bbox 775 3052 879 3117; x_wconf 93' lang='lat' dir='ltr'>libero</span> <span class='ocrx_word' id='word_1_250' title='bbox 901 3051 1081 3118; x_wconf 88' lang='lat' dir='ltr'>iudieabit?</span> <span class='ocrx_word' id='word_1_251' title='bbox 1108 3051 1191 3120; x_wconf 85' lang='lat' dir='ltr'>huic</span> 
     </span>
     <span class='ocr_line' id='line_1_34' title="bbox 176 3139 1191 3225; baseline 0.001 -20"><span class='ocrx_word' id='word_1_252' title='bbox 176 3141 337 3207; x_wconf 88' lang='lat' dir='ltr'>iudicialis</span> <span class='ocrx_word' id='word_1_253' title='bbox 364 3140 488 3205; x_wconf 85' lang='lat' dir='ltr'>tabella</span> <span class='ocrx_word' id='word_1_254' title='bbox 515 3139 758 3206; x_wconf 89' lang='lat' dir='ltr'>committetur?</span> <span class='ocrx_word' id='word_1_255' title='bbox 791 3162 889 3225; x_wconf 90' lang='lat' dir='ltr'>quam</span> <span class='ocrx_word' id='word_1_256' title='bbox 913 3141 977 3206; x_wconf 90' lang='lat' dir='ltr'>iste</span> <span class='ocrx_word' id='word_1_257' title='bbox 999 3161 1066 3206; x_wconf 93' lang='lat' dir='ltr'>non</span> <span class='ocrx_word' id='word_1_258' title='bbox 1088 3141 1191 3207; x_wconf 88' lang='lat' dir='ltr'>modo</span> 
     </span>
     <span class='ocr_line' id='line_1_35' title="bbox 177 3227 1191 3316; baseline 0 -21"><span class='ocrx_word' id='word_1_259' title='bbox 177 3252 264 3312; x_wconf 90' lang='lat' dir='ltr'>cera,</span> <span class='ocrx_word' id='word_1_260' title='bbox 291 3251 403 3293; x_wconf 88' lang='lat' dir='ltr'>verum</span> <span class='ocrx_word' id='word_1_261' title='bbox 431 3227 530 3293; x_wconf 89' lang='lat' dir='ltr'>etiam</span> <span class='ocrx_word' id='word_1_262' title='bbox 557 3229 727 3316; x_wconf 81' lang='lat' dir='ltr'>sanguine,</span> <span class='ocrx_word' id='word_1_263' title='bbox 755 3229 783 3295; x_wconf 90' lang='lat' dir='ltr'>si</span> <span class='ocrx_word' id='word_1_264' title='bbox 810 3229 917 3295; x_wconf 86' lang='lat' dir='ltr'>visum</span> <span class='ocrx_word' id='word_1_265' title='bbox 944 3229 1019 3314; x_wconf 90' lang='lat' dir='ltr'>erit,</span> <span class='ocrx_word' id='word_1_266' title='bbox 1046 3229 1191 3296; x_wconf 89' lang='lat' dir='ltr'>notabit.</span> 
     </span>
    </p>
   </div>
   <div class='ocr_carea' id='block_1_3' title="bbox 123 3287 1274 3600">
    <p class='ocr_par' dir='ltr' id='par_1_7' title="bbox 123 3287 1274 3600">
     <span class='ocr_line' id='line_1_36' title="bbox 123 3287 1233 3412; baseline 0.005 -32"><span class='ocrx_word' id='word_1_267' title='bbox 123 3287 167 3412; x_wconf 54' lang='grc' dir='ltr'>ἓξ</span> <span class='ocrx_word' id='word_1_268' title='bbox 244 3316 328 3393; x_wconf 82' lang='lat' dir='ltr'>Quid</span> <span class='ocrx_word' id='word_1_269' title='bbox 358 3317 444 3382; x_wconf 89' lang='lat' dir='ltr'>enim</span> <span class='ocrx_word' id='word_1_270' title='bbox 471 3317 588 3382; x_wconf 90' lang='lat' dir='ltr'>horum</span> <span class='ocrx_word' id='word_1_271' title='bbox 616 3340 650 3384; x_wconf 90' lang='lat' dir='ltr'>se</span> <span class='ocrx_word' id='word_1_272' title='bbox 676 3322 778 3405; x_wconf 82' lang='lat' dir='ltr'>negat</span> <span class='ocrx_word' id='word_1_273' title='bbox 803 3319 941 3384; x_wconf 88' lang='lat' dir='ltr'>fecisse?</span> <span class='ocrx_word' id='word_1_274' title='bbox 984 3317 1073 3383; x_wconf 91' lang='lat' dir='ltr'>Illud</span> <span class='ocrx_word' id='word_1_275' title='bbox 1099 3318 1191 3385; x_wconf 85' lang='lat' dir='ltr'>vide·</span> <span class='ocrx_word' id='word_1_276' title='bbox 1206 3334 1233 3377; x_wconf 76' lang='lat'>³⁵</span> 
     </span>
     <span class='ocr_line' id='line_1_37' title="bbox 177 3405 1274 3493; baseline 0.005 -25"><span class='ocrx_word' id='word_1_277' title='bbox 177 3405 254 3469; x_wconf 87' lang='lat' dir='ltr'>licet</span> <span class='ocrx_word' id='word_1_278' title='bbox 285 3427 398 3490; x_wconf 90' lang='lat' dir='ltr'>unum,</span> <span class='ocrx_word' id='word_1_279' title='bbox 436 3406 521 3490; x_wconf 90' lang='lat' dir='ltr'>quod</span> <span class='ocrx_word' id='word_1_280' title='bbox 551 3428 681 3473; x_wconf 87' lang='lat' dir='ltr'>necesse</span> <span class='ocrx_word' id='word_1_281' title='bbox 714 3409 777 3492; x_wconf 89' lang='lat' dir='ltr'>est,</span> <span class='ocrx_word' id='word_1_282' title='bbox 812 3407 982 3492; x_wconf 89' lang='lat' dir='ltr'>pecuniam</span> <span class='ocrx_word' id='word_1_283' title='bbox 1014 3408 1191 3493; x_wconf 89' lang='lat' dir='ltr'>accepisse.</span> <span class='ocrx_word' id='word_1_284' title='bbox 1273 3417 1274 3426; x_wconf 78' lang='grc'>’</span> 
     </span>
     <span class='ocr_line' id='line_1_38' title="bbox 177 3489 1274 3600; baseline 0.008 -46"><span class='ocrx_word' id='word_1_285' title='bbox 177 3489 296 3566; x_wconf 82' lang='lat' dir='ltr'>Quidni</span> <span class='ocrx_word' id='word_1_286' title='bbox 313 3491 376 3557; x_wconf 90' lang='lat' dir='ltr'>iste</span> <span class='ocrx_word' id='word_1_287' title='bbox 394 3496 513 3580; x_wconf 83' lang='lat' dir='ltr'>neget?</span> <span class='ocrx_word' id='word_1_288' title='bbox 550 3494 597 3559; x_wconf 86' lang='lat' dir='ltr'>At</span> <span class='ocrx_word' id='word_1_289' title='bbox 615 3517 711 3580; x_wconf 89' lang='lat' dir='ltr'>eques</span> <span class='ocrx_word' id='word_1_290' title='bbox 730 3495 906 3579; x_wconf 90' lang='lat' dir='ltr'>Romanus,</span> <span class='ocrx_word' id='word_1_291' title='bbox 928 3495 986 3578; x_wconf 90' lang='lat' dir='ltr'>qui</span> <span class='ocrx_word' id='word_1_292' title='bbox 1008 3491 1191 3580; x_wconf 79' lang='lat' dir='ltr'>Sopatrum</span> <span class='ocrx_word' id='word_1_293' title='bbox 1273 3547 1274 3600; x_wconf 68' lang='lat'><em>3</em></span> 
     </span>
    </p>
   </div>
   <div class='ocr_carea' id='block_1_4' title="bbox 0 0 1292 3882">
    <p class='ocr_par' dir='ltr' id='par_1_8' title="bbox 0 0 1292 3882">
     <span class='ocr_line' id='line_1_39' title="bbox 0 0 1292 3882; baseline 0 0"><span class='ocrx_word' id='word_1_294' title='bbox 0 0 1292 3882; x_wconf 95' lang='lat' dir='ltr'> </span> 
     </span>
    </p>
   </div>
  </div>
 </body>
</html>
