2564 3876
185 171 227 236 26
449 166 521 224 PRO
539 168 570 224 P.
591 165 763 234 QUINOTIO
783 166 928 222 ORATIO.

133 329 167 380 80
185 314 346 380 ficiuntur.
390 311 418 378 0
446 334 515 376 rem
542 312 777 378 incredibilem!
806 333 824 376 o
853 310 1068 396 cupiditatem
1088 311 1191 376 incon-

186 402 373 467 sideratam!
401 422 421 466 o
443 399 595 465 nuntium
617 401 793 466 uolucrem!
825 399 1022 465 Administri
1045 404 1079 464 et
1101 399 1192 465 satel-

185 491 260 556 lites
280 487 350 554 Sex.
364 487 470 556 Naevi
487 489 593 554 Roma
610 492 703 554 trans
717 487 819 574 Alpes
840 489 875 553 in
893 484 1075 572 Sebaginos
1098 487 1193 552 biduo

184 579 327 645 veniunt.
355 576 382 642 0
397 577 563 642 hominem
575 576 788 662 fortunatum,
807 577 863 661 qui
876 577 944 642 eius
959 577 1049 642 modi
1062 577 1194 642 nuntios
1269 629 1270 646 ι

186 689 243 734 seu
265 665 375 752 potius
397 666 542 752 Pegasos
564 665 697 731 habeat!
1207 684 1219 723 ι
1262 663 1270 696 ·³

133 759 176 824 26
251 755 315 821 Hic
338 776 414 841 ego,
437 755 465 819 si
486 753 596 819 Crassi
619 775 730 818 omues
754 775 828 818 oum
850 753 1004 820 Antoniis
1028 753 1198 836 exsistant,

186 844 215 910 si
233 848 280 923 tu,
297 844 331 909 L.
345 843 506 928 Philippa,
525 841 580 926 qui
598 841 776 907 interillos
795 842 943 926 florebas,
960 842 1046 907 hanc
1065 863 1198 906 causam

186 934 276 998 uoles
304 954 377 998 cum
400 930 577 996 Hortensio
605 930 723 1015 dicere,
750 934 861 996 tamen
888 930 1036 1015 superior
1058 930 1125 995 sim
1147 951 1198 994 nc

187 1043 276 1087 cesse
295 1025 357 1105 est3
379 1018 565 1103 nonenim,
588 1039 685 1102 quem
707 1019 902 1084 admodum
924 1018 1065 1103 putatia,
1088 1017 1199 1083 omnia

187 1113 264 1176 sunt
286 1110 321 1174 in
343 1107 542 1192 eloquentia,
567 1110 619 1172 est
641 1106 799 1190 quaedam
821 1111 933 1172 tamen
953 1107 1003 1172 ita
1025 1106 1234 1192 perspicuam

134 1209 166 1259 81
186 1199 317 1282 veritas,
340 1200 378 1262 ut
399 1218 470 1260 earn
491 1195 657 1261 infirmare
679 1196 771 1261 nulla
792 1217 845 1260 res
866 1195 982 1280 possit.
1022 1195 1087 1279 An,
1110 1199 1200 1260 ante
1269 1215 1270 1220 ¹

187 1308 286 1370 quam
303 1284 489 1370 postulasti,
509 1287 546 1348 ut
563 1283 651 1350 bona
668 1283 860 1369 possideres,
885 1283 1014 1367 misisti,
1033 1283 1091 1367 qui
1109 1305 1199 1348 cura·

186 1378 246 1457 ret,
268 1378 306 1438 ut
325 1373 473 1437 dominus
496 1372 535 1437 de
559 1393 618 1438 suo
640 1371 741 1438 tundo
765 1394 785 1436 a
808 1394 867 1437 sua
888 1372 1015 1436 familia
1037 1371 1072 1436 vi
1095 1371 1199 1436 deice-

186 1462 297 1526 retur?
312 1459 514 1526 Utrumlibet
525 1460 623 1546 elige,
633 1461 774 1525 alterum
782 1460 971 1525 incredibile
981 1462 1042 1544 est,
1055 1460 1199 1524 alterum

185 1549 359 1633 nefarium,
389 1552 422 1614 et
451 1552 526 1613 ante
557 1549 620 1614 hoc
648 1551 777 1633 tempus
805 1552 978 1634 utrumque
1004 1547 1199 1614 inauditum.
1213 1568 1235 1608 ιι

186 1637 400 1724 Septingenta
431 1637 523 1702 milia
553 1658 709 1721 passuum
738 1637 788 1703 vis
815 1659 886 1702 esse
914 1637 1048 1702 decursa
1075 1637 1199 1702 biduo?

186 1728 245 1793 dic.
268 1726 401 1813 Negas?
430 1730 506 1791 ante
529 1725 632 1811 igitur
654 1724 784 1790 misisti.
823 1725 927 1810 Malo,
953 1724 1093 1790 sienim
1115 1725 1200 1790 illud
1272 1749 1273 1754 ¹

186 1816 321 1900 diceres,
342 1814 491 1899 improbe
508 1813 641 1878 mentiri
662 1813 820 1897 uiderer03
843 1836 916 1880 cum
937 1813 1001 1879 hoc
1023 1813 1200 1897 confiteris

185 1904 220 1969 id
246 1908 279 1970 te
307 1903 476 1969 admisisse
504 1901 664 1983 concedis,
692 1902 778 1986 quod
804 1923 845 1966 ne
873 1901 1040 1968 mendacio
1066 1902 1199 1986 quidem

185 1997 297 2078 tegere
319 1992 435 2077 possis.
476 1989 549 2056 Hoc
571 1990 743 2055 eonsilium
756 1989 890 2074 Aquilio
914 1994 948 2057 at
969 1991 1094 2055 talibus
1117 1990 1199 2055 viris
1212 2011 1235 2050 so

185 2086 256 2146 tam
270 2080 431 2164 cupidum,
448 2083 518 2143 tam
535 2079 648 2160 audax,
666 2082 735 2143 tam
753 2078 963 2145 temerarium
980 2078 1199 2162 probabitur?

133 2177 167 2227 82
187 2167 271 2244 Quid
297 2169 377 2234 haec
404 2166 560 2252 amentia,
592 2167 669 2251 quid
695 2167 775 2232 haec
801 2166 984 2251 festinatio,
1012 2167 1091 2251 quid
1117 2166 1200 2233 haec

185 2255 405 2321 immaturitas
437 2258 531 2319 tanta
564 2255 748 2341 significat?
779 2276 846 2320 non
874 2255 955 2339 vim,
985 2276 1053 2320 non
1082 2256 1200 2340 scelus,
1273 2279 1274 2334 1

184 2366 252 2409 non
284 2343 508 2426 latrocinium,
541 2364 609 2408 non
642 2343 779 2427 denique
812 2343 921 2408 omnia
955 2343 1065 2429 potius
1099 2366 1200 2428 quam

185 2432 250 2517 ius,
277 2453 375 2516 quam
408 2429 564 2516 officium,
596 2452 694 2515 quam
721 2431 900 2516 pudorem?
936 2431 1043 2497 Mittis
1069 2432 1200 2498 iniussu
1214 2451 1237 2493 ιι

184 2519 355 2605 praetoris.
405 2518 475 2595 Ouo
507 2519 665 2585 consilio?
709 2517 877 2586 Iursurum
910 2520 1044 2586 sciebas.
1091 2519 1200 2596 Quid?

186 2631 259 2674 eum
286 2608 450 2692 iussisset,
476 2612 548 2673 tum
575 2608 705 2672 mittere
726 2629 834 2674 nonne
856 2610 1010 2693 poteras?
1046 2608 1200 2675 Postula·
1273 2601 1274 2644 l

185 2701 278 2762 turus
308 2719 389 2762 eras.
435 2695 592 2772 Quando?
623 2695 703 2760 Post
730 2695 798 2760 dies
825 2715 909 2764 xxx.
952 2696 1079 2782 Nempe
1109 2697 1139 2762 si
1165 2702 1199 2763 te

184 2786 268 2852 nihil
286 2785 468 2871 impediret,
489 2784 518 2850 si
535 2784 688 2850 voluntas
706 2784 819 2848 eadem
838 2789 993 2871 maneret,
1014 2785 1043 2850 si
1061 2787 1200 2871 valeres,

186 2874 323 2959 denique
342 2874 371 2938 si
388 2873 522 2939 viveres.
562 2871 700 2938 Praetor
717 2871 843 2940 scilicet
864 2873 1022 2940 iussisset
1062 2873 1198 2960 Opincr‚
1212 2894 1238 2935 ιο

186 2963 214 3027 si
236 2963 345 3045 vellet,
369 2962 397 3028 si
418 2962 551 3043 valeret,
574 2959 603 3024 si
624 2959 675 3024 iur
699 2959 829 3046 fficcret,
852 2962 998 3028 sinemo
1021 2968 1199 3047 recusaret,

185 3051 242 3134 qui
269 3050 433 3135 exipsius
457 3048 584 3114 decreto
607 3051 641 3113 et
664 3048 745 3113 satis
768 3049 861 3115 daret
883 3054 918 3115 et
939 3049 1093 3116 iudicium
1119 3052 1199 3118 aoei-

132 3157 165 3207 8³
184 3161 261 3223 pere
288 3139 396 3203 vellet.
441 3135 541 3220 Nam,
568 3157 626 3220 per
654 3136 730 3202 deos
757 3137 974 3205 immortales!
1005 3139 1035 3222 si
1057 3139 1199 3206 Alfenus

183 3231 376 3311 procurator
393 3225 429 3290 P.
443 3223 574 3301 Quincti
591 3225 654 3290 tibi
671 3229 743 3290 tum
766 3227 847 3292 satis
871 3227 963 3293 daret
985 3231 1019 3292 et
1040 3227 1200 3294 iudicium

184 3315 328 3399 accipere
347 3315 455 3392 vellet,
475 3313 610 3397 denique
629 3314 747 3399 omnia,
770 3335 853 3398 quae
871 3316 1066 3400 postulares,
1088 3315 1198 3383 facere
1213 3335 1238 3377 ιι

183 3401 350 3485 voluisset,
369 3402 446 3485 quid
460 3403 595 3486 ageres?
613 3423 782 3468 revocares
796 3424 878 3487 eum,
892 3426 989 3488 quem
1002 3405 1038 3468 in
1051 3403 1200 3472 Galliam

183 3487 342 3555 miseras?
379 3489 497 3555 Athis
516 3490 645 3574 quidem
667 3490 734 3556 iam
756 3490 796 3556 de
818 3491 918 3558 fundo
942 3493 1107 3579 expulsus,
1130 3494 1200 3561 iam
