2622 3884
189 199 256 264 450
489 195 529 250 m
548 195 576 252 G.
594 195 750 251 VERREM
768 195 850 254 Aer.
869 196 905 252 11.

188 342 295 427 fuisti3
319 344 461 428 arguunt
483 345 619 427 ceterae,
641 363 764 428 paucae
788 344 822 406 et
844 363 964 424 parvae
987 345 1021 406 et
1044 345 1135 407 metu
1158 365 1203 407 re

189 453 321 518 pressae
341 430 449 513 silent,
471 452 537 494 una
559 430 681 495 laudat.
717 429 790 496 Hoc
814 430 891 514 quid
914 433 965 495 est
987 430 1054 495 nisi
1075 430 1203 496 intelle-

191 541 281 606 gere,
304 518 382 603 quid
403 517 525 589 habeat
547 519 703 584 utilitatis
726 540 804 586 vera
827 519 989 603 laudatio,
1012 518 1069 583 sed
1092 522 1203 584 tamen

190 609 239 673 ita
265 607 451 692 provinciae
478 607 673 692 praefuisse,
699 611 738 673 ut
763 607 826 673 hac
849 607 997 672 utilitate
1019 608 1201 673 necessario
1284 612 1285 704 1

138 710 172 761 18
191 696 235 761 sit
266 695 463 762 carendum?
508 695 647 780 Deinde,
679 695 766 781 quod
799 694 864 760 alio
896 696 968 760 loeo
1002 699 1100 761 antea
1127 696 1226 780 dixit

192 806 274 870 quae
289 788 340 849 est
352 784 419 848 ista
432 783 564 849 tandem
578 784 735 868 laudatio,
754 785 868 867 quoius
883 783 1082 849 laudationis
1100 785 1202 871 legati
1284 797 1285 816 ¹

191 878 225 938 11
243 873 405 957 principes
425 876 459 937 et
478 872 608 957 publice
631 873 695 947 tibi
715 894 833 937 navem
856 871 1060 938 aedificatam
1083 877 1118 939 et
1140 873 1202 958 pri·

191 962 294 1026 vatim
331 983 365 1026 se
401 961 491 1044 ipsos
523 961 582 1026 abs
614 964 648 1026 te
684 961 843 1044 spoliatos
876 961 1101 1046 expilatosque
1133 983 1202 1026 essa

192 1051 364 1115 dixerimt?
404 1049 576 1115 Postremo
605 1049 683 1133 quid
710 1049 799 1114 aliud
825 1049 883 1114 isti
906 1049 1045 1133 faciunt,
1073 1072 1147 1115 oum
1169 1053 1202 1115 te

192 1139 255 1204 soli
287 1161 326 1204 ex
355 1136 468 1203 Sicilia
498 1137 648 1222 laudant,
679 1137 745 1203 nisi
776 1137 965 1203 testimonio
996 1138 1093 1203 nobis
1126 1142 1201 1203 sunt
1215 1157 1237 1196 1⁰

192 1227 301 1293 omnia
328 1230 361 1291 te
384 1226 453 1290 sibi
480 1247 551 1291 esse
579 1226 750 1312 largitum,
779 1248 860 1311 quac
888 1231 925 1290 tu
951 1225 1048 1290 dere
1072 1227 1203 1311 publica

191 1319 306 1381 nostra
337 1314 537 1379 detraxeris?
588 1312 677 1389 Quae
710 1314 837 1380 colonia
869 1318 920 1380 est
946 1314 981 1378 in
1007 1313 1108 1380 Italia
1134 1319 1202 1380 tam

192 1403 279 1468 bono
304 1404 388 1486 iure,
406 1397 503 1486 ¹quod
524 1405 595 1467 tam
617 1403 761 1467 immune
784 1403 1008 1487 municipium,
1036 1404 1124 1487 quod
1146 1426 1202 1489 per

177 1491 290 1556 -hosce
317 1512 419 1555 annos
448 1493 516 1555 tam
541 1490 711 1556 commoda
733 1491 903 1556 vacatione
927 1491 1072 1556 omnium
1095 1514 1201 1557 rerum

193 1579 237 1643 sit
268 1601 363 1648 usum
397 1600 494 1663 quam
520 1578 718 1644 Mamertina
747 1579 886 1645 civitas?
935 1579 998 1644 Per
1024 1580 1201 1645 triennium
1215 1598 1238 1638 1⁵

146 1715 149 1720 >
193 1666 269 1752 soli,
296 1689 335 1732 ex
360 1666 490 1732 foedere
518 1667 604 1751 quod
631 1668 826 1752 debuerunt,
852 1689 920 1733 non
944 1667 1115 1754 dederunt,
1142 1669 1202 1734 soli
1285 1725 1286 1730 ,

192 1756 257 1821 isto
289 1759 440 1840 praetore
468 1757 613 1821 omnium
640 1777 749 1820 rerum
776 1756 936 1821 immunes
963 1756 1109 1841 fuenmt,
1142 1757 1203 1822 soli

192 1844 228 1909 in
253 1844 349 1909 istius
376 1844 513 1928 imperio
542 1866 581 1909 ea
607 1844 794 1910 condicione
821 1844 994 1929 vixerunt,
1016 1848 1055 1909 ut
1081 1846 1202 1930 populo

140 1932 341 2058 23Romano
364 1932 448 1997 nihil
471 1932 599 2017 darent,
621 1932 719 1998 Verri
740 1932 824 1998 nihil
846 1936 1014 2018 negarent.
1052 2021 1058 2034 .
1162 2003 1164 2008 ,
1286 1946 1287 2036 l

140 2020 1239 2196 1,1111111111111111111111

176 2197 349 2262 remisisti
376 2200 491 2262 contra
516 2196 656 2263 foedera.
701 2195 753 2263 Ita
779 2197 815 2261 in
836 2219 902 2263 una
927 2197 1059 2262 civitate
1082 2197 1135 2262 bis
1158 2199 1204 2262 in·
1286 2217 1287 2268 ἰ

193 2285 316 2370 probus
338 2283 444 2370 fuisti,
472 2307 545 2351 cum
568 2290 602 2350 et
624 2284 793 2369 remisisti,
821 2285 909 2370 quod
930 2307 998 2351 non
1019 2287 1204 2371 oportebat,
1286 2295 1287 2300 ’

193 2377 227 2437 11
255 2373 422 2458 accepisti,
450 2373 537 2458 quod
563 2395 630 2438 non
656 2373 784 2440 licebat.
829 2372 970 2460 Exigere
996 2377 1030 2439 11
1056 2375 1206 2460 oportuit

192 2481 319 2545 navem,
341 2483 423 2546 quae
446 2467 560 2527 eontra
582 2463 771 2547 praedones,
792 2483 859 2527 non
882 2484 964 2546 quae
986 2485 1060 2528 cum
1083 2463 1240 2548 praedae

192 2549 378 2635 navigaret,
405 2572 487 2633 quae
515 2549 714 2635 defenderet,
739 2573 781 2615 ne
806 2550 975 2635 provincia
997 2551 1204 2636 spoliaretur,

193 2659 259 2702 non
287 2659 369 2722 quae
393 2638 579 2724 provinciae
602 2639 708 2722 spolia
729 2642 885 2724 portaret.
931 2638 1118 2704 Mamertini
1141 2639 1205 2706 tibi

194 2730 228 2791 11
254 2727 381 2810 urbem,
412 2747 475 2810 quo
502 2725 592 2791 furta
618 2727 759 2811 undique
787 2727 988 2812 deportares,
1017 2731 1050 2792 et
1077 2750 1205 2812 navem,

148 2869 149 2874 ,
192 2813 228 2879 in
259 2837 323 2899 qua
351 2819 552 2899 exportares,
583 2815 816 2899 praebuerunt3
848 2815 930 2880 illud
957 2816 1020 2880 tibi
1047 2816 1204 2901 oppidum

193 2903 432 2986 receptaculum
459 2903 598 2987 praedae
620 2903 698 2987 fuit,
724 2904 775 2967 illi
797 2903 945 2968 homines
968 2906 1070 2974 testes
1095 2908 1204 2970 custo-
1217 2921 1240 2961 ω

194 2990 313 3075 desque
330 2990 503 3075 furtorum,
525 2991 577 3055 illi
595 2991 657 3056 tibi
680 2995 713 3056 et
734 2992 842 3057 locum
864 2992 961 3058 111111
985 2995 1018 3057 11
1040 2991 1205 3058 furtorum

193 3079 378 3144 vehiculum
410 3083 690 3164 comparaverunt.
739 3077 855 3163 Itaque
886 3102 927 3145 ne
959 3083 1030 3145 tum
1064 3081 1204 3164 quidem,

194 3189 267 3232 cum
308 3169 446 3232 classem
487 3168 627 3233 avaritia
667 3189 704 3233 ac
744 3168 891 3252 nequitia
926 3172 984 3234 tua
1023 3169 1206 3254 perdidisti,

193 3254 397 3320 Mamertinis
416 3278 533 3321 navem
550 3256 711 3341 imperare
730 3277 827 3320 ausus
847 3279 894 3341 es3
919 3279 982 3341 quo
1001 3260 1149 3342 tempore
1170 3258 1206 3322 in

194 3346 288 3406 tanta
314 3343 425 3425 inopia
451 3345 584 3409 navium
611 3347 768 3427 tantaque
796 3345 984 3411 calamitate
1008 3346 1205 3430 provinciae,
1218 3362 1242 3404 ³⁵

195 3429 323 3492 etiamsi
350 3431 496 3511 precario
525 3435 633 3495 essent
658 3432 809 3515 rogandi,
836 3436 949 3498 tamen
976 3434 1017 3498 ab
1040 3433 1081 3498 iis
1104 3433 1206 3519 impe

195 3517 346 3579 traretur.
386 3516 598 3601 Reprimebat
619 3518 710 3582 enim
733 3519 796 3583 tibi
819 3524 852 3586 et
874 3521 1057 3607 imperandi
1080 3522 1148 3586 vim
1172 3526 1207 3588 et
