2622 3884
185 163 251 241 468
487 169 898 226 messanensem.
939 187 945 197 r

186 320 359 402 tribueret,
386 339 473 402 quae,
497 316 601 382 omnis
629 318 763 400 propter
791 313 964 380 avaritiam
991 312 1093 398 ipsius
1118 314 1198 378 acci·
1295 313 1296 360 l

187 409 300 492 disset,
328 409 398 488 aut,
426 427 500 469 cum
525 405 596 488 ipse
619 403 818 488 praedonum
843 401 949 468 socius
972 401 1199 486 arbitraretur,
1295 477 1296 486 ἵ

113 493 117 502 ’
187 497 261 562 aliis
294 493 487 577 proditionis
521 492 643 557 crimen
669 491 819 575 inferrct3
853 488 966 554 deinde
992 489 1056 555 hoc
1083 490 1198 575 quinto

187 585 321 650 decumo
340 582 392 646 die
410 581 533 646 crimen
551 582 621 644 esde
639 584 764 663 natum,
784 581 959 663 postquam
978 578 1092 644 classis
1112 582 1200 643 esset

135 671 334 740 10'1amissa.
371 667 454 734 Cum
472 670 552 734 haee
570 669 618 733 ita
635 668 759 751 fierent,
783 665 1009 750 quaerebatur,
1031 665 1088 732 ubi
1112 671 1225 732 essets
1295 669 1296 702 ³

187 759 387 842 Cleomenes,
405 779 471 822 non
490 778 553 842 quo
572 757 667 821 illum
685 755 802 839 ipsum,
821 750 1014 820 cuicuimodi
1032 757 1091 839 est,
1113 756 1199 840 quis·

187 870 286 933 quam
320 847 480 930 supplicio
512 848 647 930 propter
677 843 760 908 illud
791 843 1032 909 incommodum
1063 843 1199 930 dignum
1295 909 1296 924 ,

186 939 332 1022 putaret3
350 957 427 998 nam
442 933 519 1018 quid
535 931 724 997 Cleomenes
738 931 844 996 facere
858 931 989 1016 potuit?
1013 929 1093 1017 (non
1111 933 1199 998 enim
1295 929 1296 998 l

186 1047 321 1109 possum
353 1044 548 1108 quemquam
578 1020 768 1085 insimulare
799 1017 901 1106 falso)
933 1019 1023 1105 quid,
1055 1019 1199 1105 inquam,
1295 1021 1296 1090 l

188 1134 307 1198 magno
337 1133 433 1195 opere
460 1109 570 1194 potuit
593 1107 781 1174 Cleomenes
808 1107 916 1173 facere
932 1107 1035 1173 'istius
1059 1110 1200 1175 avaritia
1214 1127 1239 1168 ¹0
1295 1109 1296 1124 ³

186 1201 324 1266 navibus
342 1197 538 1264 exinanitis?
570 1195 680 1281 Atque
699 1217 773 1260 eum
790 1195 902 1261 vident
921 1196 1032 1262 sedere
1050 1197 1199 1264 adlatus
1295 1211 1296 1214 ’

186 1288 349 1374 praetoris
382 1290 415 1351 et
448 1286 488 1351 ad
518 1307 629 1350 aurem
655 1283 876 1368 familiariter,
907 1288 945 1349 ut
972 1285 1090 1352 solitus
1119 1291 1200 1372 erat,

187 1379 400 1441 insusurrare.
436 1374 519 1438 Tum
538 1395 615 1438 vero
635 1373 784 1438 omnibus
805 1372 1069 1459 indignissimum
1091 1374 1200 1441 risum

188 1468 239 1528 est
268 1462 416 1526 homines
443 1461 692 1526 honestissimos
720 1462 840 1526 electos
868 1481 886 1526 e
915 1460 982 1526 suis
1009 1462 1199 1530 civitatibus

129 1545 131 1548 ’
187 1552 221 1616 in
235 1551 358 1615 ferrum
372 1552 470 1634 atque
484 1549 518 1613 in
531 1550 640 1614 vinela
653 1549 825 1633 coniectos,
844 1546 1049 1614 Cleomenem
1062 1556 1201 1638 propter
1214 1570 1239 1611 rs

188 1639 390 1725 flagitiorum
400 1661 438 1704 ae
446 1638 686 1722 turpitudinum
701 1637 890 1704 societatem
904 1637 1201 1708 familiarissimum

137 1745 188 1795 108
207 1749 278 1792 esse
291 1727 442 1812 praetori
471 1726 658 1810 Apponitur
672 1726 718 1790 eis
737 1729 849 1790 tamen
871 1730 1040 1793 accusator
1053 1726 1200 1796 Naevius

189 1815 312 1900 Turpio
337 1815 480 1899 quidam,
505 1814 561 1898 qui
583 1813 618 1879 C.
631 1811 811 1880 ‘Sacerdote
832 1819 983 1900 praetore
1005 1815 1204 1883 iniuriarum

189 1905 362 1972 damnatus
377 1907 437 1987 est,
454 1902 553 1966 homo
567 1903 649 1967 bene
664 1902 833 1986 adpositus
848 1903 889 1967 ad
906 1902 1002 1968 istius
1021 1905 1200 1991 audaciam,

190 2012 285 2076 quem
312 1991 375 2056 iste
397 1991 433 2055 in
456 1990 610 2075 decumis,
637 1990 672 2055 in
695 1991 792 2056 rebus
815 1990 1025 2076 capitalibus,
1051 1992 1087 2057 in
1110 1995 1201 2060 omni
1215 2011 1239 2052 ao

189 2080 352 2146 calumnia
370 2099 614 2164 praecursorem
633 2078 754 2144 habere
778 2079 906 2145 solebat
929 2083 963 2144 et
985 2080 1200 2148 emissarium.
1295 2085 1296 2116 ¹

136 2168 180 2232 42
256 2167 402 2232 Veniunt
425 2165 600 2251 Syracusas
627 2171 779 2252 parentes
806 2167 1043 2252 propinquique
1066 2169 1201 2236 misero·

189 2277 262 2320 rum
299 2255 553 2320 adulescentium
588 2254 650 2320 hoc
685 2255 854 2339 repentino
891 2256 1089 2322 calamitatis
1122 2279 1201 2326 suae

188 2343 305 2408 nuntio
320 2342 631 2428 commoti;.vinctos
651 2343 812 2427 aspiciunt
830 2345 954 2409 eatenis
972 2345 1094 2410 liberos
1114 2367 1200 2432 suos,

190 2451 261 2496 cum
289 2431 385 2495 istius
414 2431 569 2497 avaritiae
596 2451 735 2515 poenam
763 2431 849 2497 collo
871 2435 905 2496 et
927 2431 1107 2498 cervicibus
1131 2437 1238 2500 suisa

190 2519 401 2603 sustinerent3
418 2520 544 2602 adsunt,
559 2518 743 2604 defendunt,
756 2520 970 2604 proclamant,
987 2521 1084 2587 fidem
1096 2526 1200 2608 tuam,
1246 2535 1249 2542 '

190 2629 273 2692 quae
297 2628 457 2691 nusquam
480 2612 551 2672 erat
572 2628 676 2691 neque
699 2629 854 2692 umquam
874 2608 995 2694 fuerat,
1022 2609 1200 2694 inplorant.

189 2695 288 2760 Pater
312 2695 424 2760 aderat
446 2695 537 2759 Dexo
561 2693 816 2781 Tyndaritanus,
843 2695 942 2763 homo
964 2697 1200 2787 nobilissimus,

189 2783 309 2866 hospes
336 2786 421 2847 tuus.
467 2780 565 2847 Cuius
593 2787 631 2847 tu
656 2783 744 2848 domi
765 2783 887 2870 fueras,
915 2807 1011 2869 quem
1033 2786 1200 2873 hospitem

190 2871 385 2955 appellares,
409 2891 482 2935 eum
501 2892 599 2956 quom
619 2871 895 2959 illa-auctoritate
918 2874 1050 2940 miseria
1071 2877 1199 2944 rideres
1212 2895 1239 2934 ³⁰

188 2959 365 3042 perditum,
396 2979 463 3023 non
489 2961 523 3023 te
551 2959 619 3024 eius
646 2961 823 3044 lacrumae,
851 2983 917 3028 non
945 2966 1105 3049 senectus,
1133 2988 1202 3032 non

189 3046 326 3130 hospitii
344 3045 394 3110 ius
414 3050 512 3130 atque
529 3068 649 3111 nomen
667 3070 687 3112 a
705 3049 825 3114 scelere
845 3050 989 3134 aliquam
1008 3051 1049 3116 ad
1071 3058 1201 3138 partem

137 3146 187 3196 109
206 3133 421 3199 humanitatis
444 3156 596 3200 revocare
618 3135 748 3218 potuit?
789 3135 852 3202 Sed
875 3139 953 3223 quid
978 3159 1039 3225 ego
1062 3140 1203 3228 hospitii

188 3221 261 3286 iura
278 3221 314 3286 in
330 3220 393 3286 hac
411 3221 535 3287 inmani
553 3223 651 3288 belua
670 3227 910 3292 commemoro?
947 3225 1010 3302 Qui
1028 3225 1202 3296 Sthenium

188 3307 450 3393 Thermitanum,
475 3310 639 3394 hospitem
663 3333 769 3397 suum,
792 3313 882 3378 cuius
906 3314 1038 3381 domum
1061 3339 1121 3402 per
1143 3320 1201 3386 ho·
1215 3334 1240 3376 ⁸⁵

188 3395 323 3478 spitium
347 3396 496 3461 exhausit
519 3403 552 3462 et
575 3399 765 3484 exinanivit,
789 3402 958 3468 absentem
980 3405 1016 3469 in
1038 3427 1112 3472 reos
1135 3411 1201 3473 ret·

187 3481 314 3567 tulerit,
346 3503 444 3547 eausa
475 3484 597 3550 indicta
629 3487 735 3571 capite
767 3487 944 3577 damnarit,
977 3493 1019 3557 ab
1049 3513 1087 3559 eo
1114 3516 1202 3562 nune
