2576 3882
314 185 385 241 ma.
402 187 429 242 11
458 187 535 244 cnr.
554 193 659 244 ro-ea
678 195 693 256 e
714 194 862 246 raa-128.
1026 192 1093 257 245

85 331 204 435 omnia,
219 332 384 435 neminem
396 331 462 434 isto
480 335 630 434 praetore
649 337 831 400 senatorem
849 334 922 401 fieri
937 336 1093 422 potuisse,

84 442 228 575 mmliqouo1
250 420 851 596 idtelmpetcdlahlsafenrodeihlssdrhgistratus,
883 512 1076 598 curationes,
1095 527 1146 579 rao

86 597 280 681 sacerdotia3
293 597 410 681 quihus
419 597 455 662 in
463 598 560 662 rebus
572 620 638 664 non
650 598 755 664 solum
767 599 936 665 homiuum
946 600 1027 685 iura,
1037 601 1095 667 sed

57 704 71 744 a
85 685 185 751 etiam
197 685 331 751 deorum
344 685 578 751 immortalium
592 686 767 773 religiones
778 708 889 754 omnes
903 688 1094 771 repudiavit

86 772 254 858 Syracusis
273 774 326 839 lex
345 777 395 839 est
414 773 452 838 de
470 774 638 860 religione,
661 775 796 859 quaein
819 797 921 842 annos
945 777 1093 864 singulos

83 862 172 928 Iovis
196 862 397 927 sacerdotem
420 862 539 928 sortito
561 863 634 946 oapi
655 863 776 948 iubeat,
799 865 885 949 quod
908 865 994 948 apud
1016 866 1092 931 illos

85 950 323 1037 amplissimum
336 949 551 1016 sacerdotium
563 954 707 1035 putatur.
730 951 811 1018 (lum
825 951 993 1039 suffragiis
1007 957 1075 1020 tres
1095 968 1145 1018 127

86 1061 125 1106 ex
160 1039 267 1104 tribus
302 1038 474 1125 generibus
507 1039 608 1105 creati
640 1044 730 1125 sunt,
765 1062 818 1107 res
849 1044 1020 1107 revocatur
1052 1042 1094 1107 ad

44 1147 72 1186 ιο
86 1130 217 1192 sortem.
266 1126 451 1193 Perfecerat
487 1127 550 1194 iste
585 1128 736 1212 imperio,
771 1132 809 1194 ut
844 1151 904 1214 pro
936 1129 1092 1216 suffragio

86 1214 334 1299 Theomnastus,
355 1215 528 1281 familiaris
548 1237 634 1301 suus,
658 1217 693 1282 in
711 1217 816 1282 tribus
840 1218 907 1282 illis
930 1219 1093 1284 renuntia·

85 1307 190 1388 retur3
218 1303 253 1368 in
280 1307 382 1389 sorte,
414 1304 465 1369 eui
491 1304 652 1388 imperare
678 1327 745 1370 non
771 1309 914 1392 poterat,
947 1311 1093 1392 expecta·

85 1392 166 1458 bant
184 1391 332 1458 homines
351 1392 503 1477 quidnam
523 1397 653 1458 acturus
676 1397 771 1458 esset.
812 1394 929 1478 Homo,
951 1394 985 1459 id
1008 1396 1093 1479 quod

86 1484 157 1546 erat
170 1479 372 1565 facillimum,
389 1481 495 1567 primo
509 1484 601 1547 vetat
615 1482 736 1566 sortiri,
753 1482 844 1547 iubet
861 1487 954 1548 extra
972 1489 1093 1550 sortem

43 1587 70 1627 1⁵
85 1568 342 1634 Theomnastum
368 1569 556 1634 renuntiari.
601 1569 735 1656 Negant
760 1569 795 1635 id
817 1568 1012 1656 Syracusani
1035 1595 1093 1658 per

84 1657 260 1742 religiones
280 1677 446 1723 sacrorum
464 1658 533 1723 ullo
552 1657 648 1722 modo
666 1657 738 1722 fieri
755 1679 861 1743 posse,
883 1659 934 1724 fas
957 1659 1093 1745 denique

83 1748 209 1832 negant
226 1767 306 1811 esse.
336 1745 432 1811 Iubet
449 1745 513 1810 iste
531 1745 595 1810 sibi
613 1746 720 1832 legem
738 1746 878 1812 recitari.
909 1747 1093 1834 Recitatur3

84 1834 205 1918 inqua
229 1834 386 1920 scriptum
409 1837 494 1918 erat,
520 1837 570 1917 ut,
594 1838 673 1918 quot
697 1837 805 1899 essent
827 1835 1018 1918 renuntiati,
1041 1839 1093 1901 tot

84 1923 120 1988 in
137 1922 287 2006 hydriam
308 1927 412 1988 sortes
437 1922 671 2007 conicerentur3
695 1921 802 1987 cuium
823 1943 942 1987 nomen
964 1925 1094 2009 exisset,

42 2029 71 2070 eo
84 2015 123 2075 ut
150 2010 178 2075 is
205 2011 341 2075 haberet
367 2011 401 2075 id
424 2010 649 2076 sacerdotium.
693 2010 761 2075 Iste
784 2009 882 2075 homo
904 2011 1093 2097 ingeniosus

85 2101 119 2164 et
146 2102 331 2182 peracutus:
358 2098 548 2184 ‘Optime’,
573 2098 694 2184 inquit3
718 2098 866 2183 ‘nempe
888 2098 946 2164 ita
972 2101 1094 2185 serip-

85 2192 165 2252 tum
197 2191 270 2252 eet:
302 2184 400 2263 Quor
426 2204 641 2253 annunmnrr
668 2204 796 2252 nnun‘r.
842 2185 954 2262 ‘Quot
981 2188 1094 2274 ergo',

84 2275 204 2359 inquit,
245 2273 350 2341 ‘sunt
390 2274 646 2342 renuntiati?'
701 2274 925 2360 Respondent:
962 2275 1092 2343 ‘Tres'

86 2362 428 2449 ‘Numquidigitur
442 2367 601 2448 oportet
614 2363 692 2429 nisi
710 2367 791 2429 tres
810 2367 937 2429 sortes
956 2365 1094 2452 conici,

42 2469 70 2512 aa
85 2473 198 2518 unam
215 2451 358 2517 educil'
395 2449 541 2518 ‘Nihil'
582 2450 693 2518 (ionici
711 2452 802 2518 iubet
819 2456 896 2536 tres,
918 2453 953 2516 in
976 2454 1093 2538 quibus

85 2540 236 2606 omnibus
270 2545 356 2605 esset
390 2541 583 2624 inscriptum
614 2562 734 2606 nomen
764 2541 986 2607 Theomnasti.
1039 2541 1094 2608 Fit

85 2630 209 2694 clamor
236 2628 410 2714 maximus,
437 2651 509 2695 oum
535 2629 570 2694 id
583 2629 756 2702 ,universis
782 2628 952 2715 indignum
981 2652 1019 2696 ao
1040 2652 1093 2695 ne

84 2717 204 2782 fariam
240 2716 412 2783 videretur.
461 2716 514 2783 Ita
543 2716 631 2783 Iovis
664 2717 748 2781 illud
779 2717 996 2783 sacerdotium
1028 2741 1094 2783 am·
1131 2781 1134 2786 .

85 2804 271 2890 plissimum
293 2804 458 2889 perhanc
480 2805 640 2870 rationem
663 2804 883 2871 Theomnasto
907 2804 1012 2871 datur.
1124 2865 1148 2926 2

42 2909 71 2950 ³0
152 2891 349 2977 Cephaloedi
376 2893 496 2958 mensis
524 2898 575 2959 est
601 2897 721 2979 certus,
748 2917 811 2980 quo
838 2915 949 2958 mense
973 2915 1075 2959 saeer-
1095 2865 1145 2990 33

85 2980 196 3046 dotem
224 2981 401 3046 maximum
428 2982 531 3048 creari
557 2985 715 3066 oporteat.
759 2981 844 3048 Erat
866 2982 934 3046 eius
957 2981 1091 3047 honoris

85 3068 220 3152 cupidus
235 3069 371 3135 Artemo
390 3069 530 3155 quidam,
552 3069 748 3137 Climachias
771 3070 972 3156 cognomine,
994 3070 1092 3135 homo

85 3179 164 3224 sane
182 3157 327 3243 locuples
347 3161 380 3223 et
398 3158 485 3223 domi
501 3158 631 3224 nobilis.
668 3157 778 3223 Sedis
796 3158 868 3223 fieri
884 3157 977 3222 nullo
996 3157 1092 3223 modo

84 3250 230 3332 poterat,
261 3247 290 3311 si
316 3245 501 3312 Herodotus
529 3247 660 3331 quidam
688 3246 829 3331 adesset3
861 3245 891 3310 ei
918 3245 1008 3310 locus
1035 3246 1093 3312 ille

39 3350 70 3393 ³⁵
86 3338 185 3419 atque
202 3334 307 3400 honos
325 3334 360 3398 in
382 3335 477 3400 illum
500 3357 620 3400 annum
642 3335 691 3399 ita
713 3333 823 3399 deberi
846 3333 1033 3418 putabatur,
1055 3338 1094 3399 ut

83 3445 125 3488 ne
149 3420 346 3489 Climachias
375 3422 503 3507 quidem
529 3427 643 3488 eontra
666 3422 794 3488 diceret.
839 3421 905 3487 Res
929 3422 1092 3488 edietum

84 3511 230 3576 defertur
247 3515 282 3577 et
298 3510 395 3577 istius
413 3533 503 3576 mora
522 3510 693 3595 deciditur3
715 3514 900 3577 toreumata
918 3533 995 3578 sane
1013 3515 1094 3578 nota
