2604 3880
27 161 34 175 ’
145 205 208 272 172
445 204 485 259 nv
504 203 701 261 cvaannu
718 203 796 260 scr.
815 203 850 260 Π.

142 372 238 438 quem
263 349 304 416 ad
327 349 459 415 modum
481 353 553 414 tute
576 348 617 414 ad
639 347 804 414 Neronem
827 349 1002 434 scripsisti,
1028 351 1152 436 populo

142 441 290 506 Romano
322 439 548 523 communique
580 459 696 503 causae
728 438 914 524 legatorum
945 438 1033 504 faeta
1066 444 1153 505 esset

142 528 280 614 insignis
298 527 426 610 iniuria,
446 547 513 592 non
531 547 565 591 es
583 530 786 612 persecutus3
809 527 890 592 dicis
909 527 972 592 tibi
989 528 1024 592 in
1043 528 1151 595 animo

143 638 213 682 esse
246 617 311 682 alio
342 620 489 700 tempore
518 615 677 702 persequi.
728 614 821 691 Quod
848 615 913 680 fuit
939 615 973 680 id
999 618 1152 702 tempus?

144 705 271 791 quando
291 726 325 770 es
346 705 557 791 persecutus?
593 702 659 770 Gur
675 703 871 768 imminuisti
892 704 944 769 ins
967 705 1182 790 legationis,c
1292 739 1298 762 .

143 817 200 860 eur
232 815 363 860 causam
394 793 509 878 populi
534 791 675 857 Romani
706 791 878 857 deseruisti
906 815 943 858 ac
970 793 1152 878 prodidisti,

143 905 200 950 cur
226 883 362 948 iniurias
388 885 463 947 tuas
490 881 679 947 coniunctas
707 901 781 946 cum
803 880 943 967 puhlicis
967 881 1153 966 reliquisti?

143 971 220 1038 Non
250 976 283 1036 te
315 971 357 1036 ad
393 973 542 1036 sanatum
578 990 710 1034 causam
745 968 883 1054 deferre,
914 991 981 1035 non
1012 969 1051 1034 ds
1082 974 1153 1036 tam

144 1060 309 1126 atrocibus
329 1059 456 1124 iniuriis
479 1058 645 1142 conqueri,
667 1079 734 1123 non
757 1078 812 1123 cos
835 1058 995 1142 homines,
1019 1058 1075 1143 qui
1096 1081 1153 1144 po-

143 1150 256 1236 pulum
276 1148 487 1230 concitarant,
510 1147 680 1211 consulum
698 1146 819 1212 litteris
839 1147 1018 1213 avocandos
1040 1169 1152 1212 curare
1169 1167 1196 1208 ιο

90 1249 126 1303 05
145 1237 312 1322 oportuit?
353 1234 466 1320 Nuper
486 1233 529 1299 M.
548 1232 682 1300 Aurelio
702 1232 823 1300 Scauro
845 1236 1042 1319 postulante,
1066 1236 1153 1320 quod

143 1325 172 1390 is
195 1323 317 1408 Ephesi
346 1344 381 1388 se
410 1326 615 1407 quaestorem
638 1324 671 1388 vi
697 1323 900 1408 prohibitum
923 1345 994 1388 esse
1016 1324 1153 1408 dicebat,

145 1433 208 1498 quo
232 1412 339 1476 minus
363 1432 380 1476 a
402 1411 479 1477 fano
503 1410 628 1476 Dianae
652 1433 781 1477 servum
804 1433 912 1495 suum,
936 1412 991 1497 qui
1013 1412 1049 1477 in
1069 1412 1153 1478 illud

144 1501 272 1583 asylum
285 1499 496 1586 confugisset,
510 1499 692 1584 abduceret,
709 1499 849 1565 Pericles
862 1499 1034 1586 Ephesius,
1053 1501 1152 1566 homo

143 1588 378 1672 nobilissimus,
400 1588 539 1653 Romam
558 1592 711 1654 evocatus
735 1591 794 1672 est,
817 1589 904 1672 quod
926 1593 1040 1654 auctor
1062 1590 1152 1654 illius
1167 1610 1195 1652 rs

144 1677 281 1742 iniurias
299 1677 401 1742 fuisse
419 1677 631 1762 arguebatur3
653 1681 699 1760 tu,
723 1675 752 1741 si
769 1681 803 1742 ta
824 1678 970 1764 legatum
992 1677 1041 1742 ita
1059 1678 1153 1743 Lam·

144 1766 235 1850 psaci
252 1768 430 1830 tractatum
450 1787 519 1830 esse
537 1769 686 1829 senatum
704 1764 876 1850 docuisses,
893 1769 932 1831 ut
949 1765 999 1830 tui
1017 1767 1153 1832 comites

144 1855 404 1938 vulnerarentur,
441 1854 538 1918 lictor
570 1853 781 1937 occideretur,
817 1855 887 1939 ipse
922 1853 1153 1919 circumsessus

144 1965 246 2029 paene
273 1943 491 2026 incendererc,
519 1941 587 2007 eius
615 1946 724 2008 autem
751 1942 798 2006 rei
826 1943 921 2007 duces
947 1946 981 2007 ct
1003 1947 1152 2008 auctores

144 2037 173 2096 et
198 2031 362 2117 principes
388 2030 503 2114 fuisse,
536 2052 618 2114 quos
645 2030 774 2112 scribis,
806 2030 1091 2117 Themistagoram
1119 2035 1153 2096 et
1167 2053 1195 2094 ac

144 2120 347 2203 Thessalum,
362 2119 433 2203 quia
447 2141 514 2184 non
527 2123 793 2203 commoveretur,
807 2119 879 2203 quis
892 2141 959 2185 non
972 2141 1012 2184 ex
1024 2119 1153 2204 iniuria,

144 2229 227 2292 quae
248 2207 311 2272 tibi
334 2210 421 2272 essct
442 2207 543 2290 facta,
566 2207 630 2272 sibi
652 2207 849 2293 providerat,
872 2207 945 2292 quis
967 2229 1035 2272 non
1056 2208 1091 2272 in
1114 2231 1153 2273 ea

143 2317 179 2360 re
194 2317 324 2360 oausam
338 2299 439 2378 tuam,
458 2295 637 2378 periculum
654 2317 823 2360 commune
842 2297 896 2382 agi
915 2297 1152 2362 arbitraretur?

144 2383 277 2448 Etenim
293 2404 413 2448 noman
430 2383 534 2469 legati
555 2384 623 2449 eius
646 2384 734 2448 modi
757 2405 827 2448 esse
851 2383 955 2468 dohet,
978 2385 1065 2469 quod
1086 2406 1153 2450 non

145 2472 241 2537 modo
268 2471 354 2535 inter
382 2471 544 2537 sociorum
570 2472 654 2558 iura,
685 2472 741 2537 aed
767 2472 868 2537 etiam
895 2471 982 2537 inter
1008 2473 1153 2539 hostium
1166 2495 1195 2536 ss

144 2561 212 2625 tela
234 2560 395 2625 incolume
418 2563 574 2626 versetur.

90 2619 134 2748 ἐξ
211 2647 369 2733 Magnum
399 2648 462 2714 hoo
488 2648 744 2732 Lampsacenum
777 2649 899 2714 crimen
930 2654 981 2715 est
1007 2650 1153 2715 libidinis

144 2741 243 2821 atque
274 2737 537 2822 improbissimae
564 2737 767 2821 cupiditatis3
800 2738 935 2822 accipite
966 2760 1051 2804 nuno
1080 2761 1154 2803 ava-

143 2827 239 2891 ritiae
266 2846 368 2911 propa
396 2825 528 2890 modum
555 2825 590 2888 in
618 2846 677 2890 suo
706 2847 823 2912 genero
849 2848 916 2892 non
942 2827 1055 2892 levius.
1094 2826 1154 2891 Mi·

143 2915 243 2980 lesios
281 2935 398 2979 navem
434 2913 599 2999 poposcit,
637 2935 720 2997 quas
756 2935 829 2979 eum
864 2915 1020 3000 praesidii
1055 2937 1154 2980 causa
1168 2937 1196 2976 co

143 3003 300 3087 Myndum
313 3004 571 3088 prosequeretur.
606 2999 663 3066 Illi
682 3001 795 3068 statim
813 3025 1046 3089 myoparonem
1065 3025 1154 3090 egre

144 3091 234 3177 gium
253 3091 292 3155 de
311 3112 370 3156 sua
389 3092 492 3156 classe
512 3093 664 3156 ornatum
683 3093 780 3174 atque
801 3095 964 3156 armatum
988 3091 1154 3157 dederunt.

142 3178 215 3246 Hoc
241 3179 403 3263 praesidio
431 3178 586 3262 Myndum
618 3178 783 3263 profectus
811 3182 870 3244 est.
913 3179 1001 3246 Nam
1029 3180 1107 3264 quid
1134 3202 1155 3245 a

142 3266 279 3331 Milesiis
307 3268 401 3332 lanae
427 3268 557 3353 publico
584 3266 772 3352 abstulerit,
799 3267 878 3332 item
901 3267 940 3332 ds
964 3272 1097 3353 sumptu
1119 3269 1155 3333 in

143 3355 331 3438 adventum,
359 3356 398 3420 de
425 3355 631 3420 contumeliis
657 3360 690 3420 et
712 3355 840 3420 iniuriis
862 3355 897 3419 in
920 3356 1154 3444 magistratum
1169 3376 1195 3417 aa

142 3439 306 3505 Milesium
323 3443 457 3506 tametsi
475 3443 538 3508 dici
557 3464 630 3508 cum
648 3464 732 3527 vere,
755 3447 826 3508 tum
845 3444 990 3529 graviter
1010 3449 1043 3510 et
1061 3446 1155 3512 vehe-

142 3533 268 3591 menter
303 3532 425 3612 poteat,
463 3532 575 3594 tamen
612 3530 717 3596 dicere
753 3532 1015 3616 praetermittam
1052 3556 1154 3618 eaque
