2564 3876
186 169 230 234 30
455 165 527 221 PRO
546 167 576 220 P.
595 163 766 230 QUINCTIO
785 161 932 220 ORATIO.

187 312 305 397 quibus
327 311 391 375 iste
412 308 594 394 possederit
615 308 791 393 neminem,
817 330 859 373 ne
883 307 1035 394 attigerit
1058 307 1201 391 quiderm

186 422 287 466 unum
308 398 424 476 fuisse,
451 419 547 482 quem
571 397 734 483 attingere
756 400 891 463 conatus
915 397 973 480 sit;
997 396 1203 481 prohibitum

134 488 357 573 acquievisse.
401 485 442 550 In
470 486 545 571 ipsa
573 484 683 550 Gallia
714 486 881 571 cognostis
913 485 948 550 in
976 484 1113 570 praedia
1138 485 1203 570 pri·

186 583 265 643 vata
292 574 423 651 Quincti
451 571 522 640 Sex.
548 573 711 640 Naevium
737 595 804 640 non
830 573 971 657 uenisse3
1001 572 1141 656 deniqne
1164 593 1205 636 ex
1270 563 1271 620 l

187 664 250 730 hoc
269 665 341 749 ipso
365 665 462 747 saltu,
486 684 582 747 quem
604 683 663 747 per
685 663 752 727 vim
775 663 911 748 expulso
934 661 1024 727 socio
1047 661 1229 746 possedite

188 775 299 818 servos
327 753 473 838 privatos
497 750 628 828 Quincti
656 772 768 815 omnes
798 751 918 816 eiectos
940 770 1004 815 noa
1028 771 1108 815 esse.
1152 747 1206 815 Ex

188 863 252 926 quo
271 845 305 906 et
323 863 362 906 ex
384 840 500 908 ceteris
524 839 628 923 dictis,
650 839 746 904 factis
770 839 988 924 cogitatisque
1007 834 1079 904 Sex.
1097 836 1206 904 Naeui

180 930 295 1016 quivis
322 932 433 1015 potest
460 928 649 1014 intellegere
676 928 777 992 istum
799 927 882 992 nihil
906 926 996 992 aliud
1019 925 1127 1012 egisse
1148 947 1205 991 ne·

189 1041 251 1103 que
273 1040 359 1083 nunc
381 1038 492 1104 agere,
518 1016 583 1080 nisi
604 1016 655 1080 uti
676 1037 736 1100 per
757 1014 837 1099 vim,
864 1037 924 1100 per
950 1015 1119 1098 iniuriam,
1146 1036 1206 1100 per

187 1107 394 1192 iniquitatem
422 1104 534 1206 iudicii
559 1107 667 1170 totum
695 1125 824 1190 agrum,
851 1105 908 1188 qui
939 1103 1121 1170 communis
1144 1107 1206 1187 est,
1220 1121 1243 1160 ιο

135 1256 179 1320 30
189 1195 638 1366 suublufddedduspaospddlbrata
651 1301 702 1345 res
717 1281 791 1364 ipsa
804 1284 839 1346 et
850 1280 988 1365 periculi
1001 1280 1206 1365 magnitudo,

135 1333 169 1382 ⁹¹
189 1369 223 1436 Ο.
248 1369 375 1454 Aquili,
403 1390 518 1455 cogere
541 1369 682 1452 videtur,
711 1372 749 1434 ut
775 1372 808 1433 te
836 1372 934 1453 atque
961 1390 1030 1453 eos,
1058 1369 1114 1452 qni
1142 1368 1207 1432 tibi

187 1458 223 1525 in
250 1458 386 1524 consilio
417 1461 505 1541 sunt,
535 1457 683 1522 obsecret
706 1457 950 1542 obtesteturque
972 1455 1007 1522 P.
1032 1455 1206 1532 Quinctius

187 1569 247 1634 per
269 1549 469 1612 senectutem
493 1567 531 1611 ac
553 1545 762 1610 solitudinem
785 1567 878 1610 suam
899 1545 984 1610 nihil
1007 1545 1109 1629 alind,
1139 1545 1208 1610 nisi
1221 1562 1244 1602 1⁵
1272 1562 1273 1598 1

187 1640 226 1701 ut
247 1639 378 1701 vestrae
399 1638 536 1700 naturae
558 1634 763 1717 bonitatique
786 1632 1025 1718 obsequamini,
1052 1637 1104 1717 ut,
1130 1655 1208 1698 cum

188 1724 310 1790 ueritas
341 1745 415 1789 cum
441 1724 504 1789 hoc
531 1722 645 1805 faciat,
673 1723 748 1807 plus
774 1722 871 1787 huius
897 1721 1009 1806 inopia
1031 1720 1140 1807 possit
1162 1722 1208 1786 ad

136 1827 169 1876 92
189 1813 445 1879 misericordiam
468 1832 567 1895 quam
587 1810 678 1875 illins
702 1831 779 1896 opes
798 1810 840 1876 ad
858 1810 1093 1876 crudelitatem.
1130 1807 1206 1885 Quo

188 1902 240 1967 die
263 1902 304 1968 ad
326 1905 360 1966 te
382 1900 521 1966 iudicem
543 1898 700 1982 uenimus,
722 1899 835 1964 eodem
857 1899 908 1964 die
930 1899 1063 1964 illorum
1087 1897 1207 1983 minas,
1273 1932 1274 2014 q

188 2011 269 2075 quas
293 1993 369 2055 ante
391 1988 614 2071 horrebamus,
635 1986 810 2073 neglegere
834 1987 1007 2071 coepimus.
1046 1984 1081 2052 Si
1103 2009 1207 2052 cansa
1220 2005 1243 2044 ω
1273 2017 1274 2064 ς

188 2100 262 2143 cum
285 2097 383 2142 causa
405 2076 624 2159 contenderet,
645 2096 706 2139 nos
729 2079 876 2140 nostram
899 2075 1054 2159 perfacile
1073 2076 1207 2159 quoivis

187 2165 384 2250 probaturos
403 2163 645 2246 statuebamus;
663 2164 750 2247 quod
768 2164 855 2228 vitae
874 2163 959 2228 ratio
978 2185 1052 2228 cum
1074 2164 1206 2229 ratione

188 2253 276 2317 vitae
303 2251 501 2334 decerneret,
528 2251 648 2317 idcirco
670 2252 766 2317 nobis
789 2251 889 2316 etiam
911 2251 1017 2337 magis
1040 2253 1074 2316 te
1097 2251 1207 2318 iudice

188 2360 270 2424 opus
294 2360 364 2404 esse
387 2339 540 2405 arbitrati
564 2361 684 2405 sumus.
725 2339 775 2406 Ea
797 2361 850 2405 res
871 2361 957 2405 nunc
980 2339 1068 2404 enim
1085 2340 1121 2404 in
1141 2341 1207 2405 dis·

188 2427 322 2493 crimine
351 2431 514 2513 versatur,
542 2431 653 2494 utrum
675 2428 822 2512 possitne
845 2449 879 2494 se
903 2431 1017 2494 contra
1041 2429 1207 2494 luxuriem
1221 2447 1245 2488 ss

189 2537 226 2580 ec
255 2515 421 2581 licentiam
450 2517 616 2582 rusticana
642 2516 703 2580 illa
730 2521 828 2601 atque
855 2516 980 2582 inculta
1001 2516 1208 2601 parsimonia

189 2604 358 2668 defendere
390 2627 433 2669 an
463 2605 646 2670 deformata
679 2607 779 2688 atque
814 2603 1013 2670 ornamentis
1051 2605 1207 2671 omnibus

135 2705 170 2755 93
189 2691 331 2778 spoliata
347 2693 436 2758 nuda
453 2692 625 2778 cupiditati
642 2692 906 2777 petulantiaeque
920 2693 1097 2758 addicatur.
1126 2693 1208 2760 Non

187 2785 357 2867 comparat
384 2804 419 2847 se
446 2785 553 2847 tecum
582 2781 691 2867 gratia
718 2779 753 2847 P.
777 2779 960 2866 Quinctius,
989 2779 1060 2846 Sex.
1087 2780 1207 2867 Naevi,

186 2891 254 2937 non
272 2869 398 2955 opibus,
416 2891 481 2934 non
499 2869 657 2934 facultate
676 2869 856 2952 contendit3
878 2891 990 2935 omnes
1009 2872 1083 2935 tuas
1104 2875 1206 2954 artes,
1220 2889 1247 2931 ro

189 2958 306 3042 quibus
334 2963 371 3022 tu
398 2979 536 3044 magnus
565 2979 613 3040 es,
644 2956 707 3021 tibi
734 2958 895 3041 concedit3
922 2958 1046 3024 fatetur
1072 2979 1109 3023 se
1135 2979 1207 3024 non

188 3047 275 3111 belle
297 3046 416 3129 dicere,
441 3066 509 3109 non
531 3045 572 3109 ad
593 3044 797 3111 voluntatem
819 3046 910 3130 loqui
932 3067 1042 3132 posse,
1069 3067 1138 3112 non
1162 3047 1205 3112 ab

189 3134 312 3200 afflicta
331 3133 475 3199 amicitia
495 3132 701 3220 transfugere
724 3137 822 3218 atque
845 3135 887 3200 ad
908 3135 1078 3200 florentem
1101 3133 1206 3201 aliam

189 3222 352 3306 devolare,
381 3243 448 3287 non
473 3221 617 3306 profusis
640 3223 825 3307 sumptibus
847 3223 969 3306 uivere,
995 3244 1063 3288 non
1085 3244 1205 3289 ornare

188 3310 360 3394 magnifice
378 3309 609 3394 splendideque
627 3311 819 3395 convivium,
840 3332 908 3376 non
924 3311 1046 3376 habere
1069 3311 1205 3378 domum
1218 3329 1245 3371 ss

188 3397 333 3462 clausam
351 3398 468 3481 pudori
487 3401 520 3462 et
542 3399 785 3483 sanctimoniae,
807 3403 974 3484 patentem
998 3403 1098 3483 atque
1121 3401 1205 3465 adeo

189 3484 370 3566 expositam
393 3485 564 3570 cupiditati
592 3490 626 3551 et
652 3487 889 3572 voluptatibn13
921 3491 1035 3554 contra
1062 3487 1128 3552 sibi
1156 3488 1205 3552 ait
