2622 3884
184 155 250 220 442
484 154 524 208 IN
543 153 571 210 O.
586 153 740 210 VERREM
758 155 839 210 ACT.
859 156 894 210 II.

185 299 364 385 provincia,
391 301 429 362 ut
456 299 600 364 omnium
628 299 739 365 oculos
767 297 802 362 in
829 319 881 362 me
908 319 1010 364 unum
1034 299 1213 364 coniectos

185 409 256 454 esse
274 387 461 471 arbitrarer,
482 391 521 453 ut
543 410 595 452 me
619 391 892 472 quaesturamque
915 409 1022 451 meam
1046 387 1151 470 quasi
1175 387 1212 450 in

186 476 296 559 aliquo
315 479 476 540 terrarum
495 476 585 541 orbis
603 476 734 541 theatro
758 473 882 540 versari
905 475 1146 560 existimarem,
1171 479 1211 539 ut

186 585 313 648 semper
343 564 464 648 omnia,
497 586 579 648 quae
606 565 745 629 iucunda
772 563 923 628 videntur
951 583 1036 647 esse,
1066 585 1107 628 ea
1136 585 1210 628 non

185 652 281 717 modo
300 651 352 716 his
376 653 640 718 extraordinariis
663 651 905 738 cupiditatibus,
929 651 1111 716 sedetiam
1138 651 1233 736 ipsit

134 755 167 803 36
186 745 322 806 naturae
354 763 392 806 ac
422 741 610 806 necessitati
641 741 843 826 denegarem.
892 738 988 805 Nunc
1015 761 1086 803 sum
1118 739 1208 804 desi·
1278 781 1282 799 .

186 832 305 915 gnatus
321 829 447 911 aedilis3
466 829 571 894 habeo
586 829 756 912 rationem,
776 827 853 912 quid
872 849 891 892 a
909 827 1031 912 populo
1046 827 1206 894 Romano

186 917 378 1002 acceperim,
401 917 482 982 mihi
500 918 593 982 ludos
614 916 838 982 sanctissimos
857 917 1000 980 maxima
1022 937 1098 981 cum
1122 939 1207 982 cura

187 1009 220 1070 et
252 1005 448 1071 caerimonia
479 1004 602 1089 Cereri,
635 1005 754 1070 Libero
786 1003 985 1088 Liberaeque
1017 1003 1206 1090 faciundos,
1283 1063 1284 1108 ,

186 1094 269 1160 mihi
294 1093 427 1160 Floram
456 1097 595 1159 matrem
622 1095 745 1178 populo
772 1092 924 1176 plebique
951 1092 1122 1158 Romanae
1152 1093 1204 1158 lu·
1219 1111 1240 1149 ¹⁰
1283 1119 1284 1170 ,

187 1183 302 1248 dorum
317 1181 505 1247 celebritate
518 1182 721 1266 placandam,
735 1181 816 1244 mihi
830 1181 924 1246 ludos
939 1180 1203 1266 antiquissimos,
1283 1175 1284 1268 l

187 1271 243 1354 qui
256 1270 354 1354 primi
364 1269 505 1334 Romani
519 1270 678 1354 appellati
692 1272 777 1354 sunt,
791 1291 864 1334 cum
879 1269 1040 1355 dignitate
1054 1271 1202 1334 maxima
1283 1275 1284 1344 l

187 1363 220 1423 et
242 1357 402 1444 religione
423 1355 507 1441 Iovi,
534 1355 652 1422 lunoni
674 1357 902 1441 Minervaeque
925 1379 995 1422 esse
1018 1357 1201 1444 faciundos,
1283 1359 1284 1418 l

186 1445 269 1510 mihi
305 1467 469 1510 sacrarum
505 1445 632 1510 aedium
663 1445 939 1531 procurationem,
976 1445 1059 1510 mihi
1090 1450 1201 1512 totam

186 1534 300 1598 urbem
331 1534 486 1598 tuendam
518 1556 588 1598 esse
620 1533 841 1618 commissam3
875 1534 917 1598 ob
948 1555 1060 1598 earum
1086 1550 1235 1600 rerum1⁵

187 1623 333 1687 laborem
366 1624 399 1686 et
431 1621 683 1687 sollicitudinem
712 1622 837 1688 fructus
868 1622 944 1688 illos
973 1622 1082 1707 datos,
1116 1624 1199 1688 anti-

188 1711 333 1794 quiorem
358 1710 394 1774 in
416 1715 531 1775 senatu
554 1711 734 1775 sententiae
757 1711 909 1776 dicendae
932 1711 1053 1794 loomn,
1081 1715 1199 1798 togam

186 1803 402 1884 praetextam,
431 1799 546 1863 sellam
576 1799 733 1883 curulem,
760 1799 813 1863 ius
834 1798 987 1884 imaginis
1010 1799 1051 1864 ad
1074 1822 1198 1865 memo-

134 1899 166 1948 37
186 1887 270 1952 riam
288 1887 579 1971 posteritatemque
597 1887 789 1970 prodendae.
824 1887 874 1950 Ex
892 1887 944 1951 his
964 1909 1025 1974 ego
1044 1888 1196 1952 omnibus
1283 1971 1284 1974 Ἴ

186 1977 297 2059 rebus,
323 1975 458 2058 iudices,
484 1975 533 2040 ita
560 1975 641 2039 mihi
668 1975 773 2041 omnis
803 1975 880 2040 deos
902 1975 1064 2060 propitios
1087 1976 1196 2060 velim,
1209 1992 1232 2031 2⁰

186 2067 232 2148 ut,
250 2063 383 2128 tametsi
398 2062 479 2128 mihi
492 2063 741 2128 iucundissimus
756 2066 807 2127 est
820 2063 924 2128 honos
942 2063 1065 2149 populi,
1084 2067 1195 2129 tamen

186 2174 390 2235 nequaquam
410 2152 502 2234 capio
521 2155 650 2216 tantum
669 2151 858 2236 voluptatis,
878 2156 1035 2235 quantum
1055 2156 1088 2216 et
1107 2153 1194 2218 solli·

186 2239 338 2303 citudinis
362 2243 395 2303 et
417 2239 555 2324 laboris,
583 2243 621 2304 ut
642 2240 723 2305 haec
746 2240 819 2324 ipsa
840 2240 1006 2323 aedilitas,
1029 2262 1096 2306 non
1119 2241 1194 2324 quia

184 2348 316 2391 necesse
347 2326 460 2412 fuerit,
492 2327 589 2393 alicui
621 2328 792 2393 candidato
821 2328 911 2412 data,
943 2328 1011 2412 sed,
1044 2329 1120 2413 quia
1149 2329 1193 2394 sic
1283 2355 1284 2370 ³

185 2414 380 2498 oportuerit,
407 2419 494 2481 recte
522 2417 692 2482 conlocata
718 2419 752 2481 et
778 2415 896 2481 iudicio
923 2416 1038 2501 populi
1065 2417 1099 2482 in
1121 2417 1191 2483 loco
1204 2433 1226 2474 2⁵

186 2524 256 2567 esse
278 2502 388 2587 posita
409 2504 567 2568 videatur.

252 2589 301 2655 Tu
333 2612 407 2655 cum
435 2613 521 2656 esses
548 2595 681 2676 praetor
707 2593 911 2657 renuntiatus
939 2615 1068 2677 quoquo
1097 2594 1189 2659 modo

186 2677 297 2763 (mitto
326 2679 412 2744 enim
440 2683 473 2744 et
499 2684 681 2764 praetereo,
709 2680 787 2764 quid
812 2683 884 2746 tum
912 2681 955 2744 sit
978 2679 1110 2767 actum),
1136 2682 1189 2746 sed

186 2789 258 2832 curn
290 2789 378 2832 esses
408 2768 626 2852 renuntiatus,
658 2771 696 2832 ut
723 2768 802 2853 dixi,
832 2791 899 2833 non
925 2769 998 2852 ipsa
1024 2770 1186 2852 praeconis

185 2878 263 2921 voce
291 2857 449 2921 excitatus
474 2878 521 2940 es,
551 2856 607 2940 qui
629 2859 662 2920 te
685 2857 807 2921 totiens
831 2858 995 2922 seniorum
1018 2857 1221 2924 iuniorum-³⁰

186 2966 248 3027 que
276 2944 430 3009 centuriis
458 2943 517 3010 illo
542 2944 666 3010 honore
689 2945 784 3010 adfici
805 2945 1044 3030 pronuntiavit,
1071 2949 1109 3011 ut
1130 2947 1186 3012 hoc

184 3036 331 3116 putares,
360 3033 503 3116 aliquam
531 3032 579 3096 rei
605 3033 755 3117 publicae
782 3037 911 3117 partem
939 3033 1001 3098 tibi
1028 3034 1185 3119 creditam,

185 3141 306 3185 annum
333 3119 396 3184 tibi
422 3120 517 3185 illum
543 3143 644 3185 unum
672 3120 768 3185 domo
796 3122 969 3186 carendum
999 3143 1069 3186 esse
1092 3145 1185 3188 mere-

184 3207 298 3272 tricis?
335 3229 408 3272 cum
444 3208 506 3272 tibi
543 3212 630 3273 sorte
666 3208 854 3294 obtigisset,
890 3210 940 3275 nti
975 3209 1026 3275 ius
1063 3211 1184 3295 diceres,
1283 3213 1284 3276 l

185 3298 342 3376 quantum
369 3296 508 3380 negotii,
536 3296 612 3380 quid
636 3296 742 3361 oneris
765 3295 917 3381 haberes,
943 3320 1120 3382 numquam
1140 3315 1217 3364 coo
1283 3311 1284 3328 ³

185 3380 322 3461 gitasti?
344 3403 447 3464 neque
461 3382 544 3447 illud
561 3383 698 3448 rationis
717 3383 872 3468 habuisti,
891 3384 920 3448 si
936 3385 1023 3450 forte
1043 3408 1184 3472 experge
1283 3435 1284 3464 2

183 3466 290 3528 facere
312 3470 346 3529 te
368 3489 495 3552 posses,
522 3490 593 3531 eam
615 3469 830 3551 provinciam,
855 3492 953 3552 quam
976 3473 1062 3537 tueri
1085 3473 1183 3558 singu·
1283 3473 1284 3530 l

132 2560 175 2688 e
