2622 3884
180 253 245 321 376
480 252 520 307 IN
538 253 567 308 Ο.
581 251 737 308 VERREM
756 250 835 308 Aer.
854 251 888 308 H.

129 371 171 434 14
246 398 369 465 Verum
400 397 583 463 mehercule
614 398 690 482 hoc,
725 396 861 481 iudices,
896 396 1010 463 dicam
1059 396 1198 462 Memini

179 488 388 572 Pamphilum
405 486 663 572 lilybaetanum,
681 487 821 551 amicum
840 488 873 550 et
891 485 1057 568 hospitem
1075 506 1197 569 meum,

179 576 324 641 nobilem
355 575 534 659 hominem,
566 574 648 639 mihi
677 596 825 659 narrare,
857 595 930 640 cnm
960 573 1024 639 iste
1056 574 1099 640 ab
1123 595 1197 639 sese

179 665 329 749 hydriam
343 662 463 729 Bolithi
476 663 710 728 manufactam
724 663 893 747 praeclaro
910 683 1006 746 opere
1024 667 1057 728 et
1077 661 1198 748 grandi

180 753 322 839 pondere
351 773 409 836 per
435 754 632 836 potestatem
661 751 864 835 abstulisset,
896 772 931 816 se
959 772 1036 816 sane
1063 751 1225 815 tristems

181 844 214 906 ct
228 841 458 907 conturbatum
473 840 604 906 domum
622 839 805 924 revertisse,
827 839 913 924 quod
931 861 989 904 vas
1008 839 1076 905 eius
1095 839 1197 923 modi,

182 929 268 1015 quod
291 929 355 995 sibi
378 952 397 995 a
420 932 513 1014 petre
537 932 570 994 et
593 949 612 993 a
635 927 813 994 maioribus
837 931 923 993 esset
945 927 1105 1013 relictum,
1129 948 1196 1012 quo

127 449 161 498 32

182 1018 298 1084 solitus
318 1022 404 1084 esset
421 1017 472 1082 uti
490 1017 531 1082 ed
548 1016 651 1081 festos
670 1016 747 1101 dies,
771 1016 812 1082 ed
833 1015 1002 1100 hospitum
1024 1016 1197 1099 adventus,

182 1128 259 1172 ase
282 1111 369 1172 esset
392 1106 548 1172 ablatum.
586 1103 693 1170 ‘Oum
716 1103 913 1189 sederem',
935 1104 1055 1189 inquit,
1079 1103 1197 1169 ‘domi

181 1195 327 1279 tristis,
365 1193 535 1260 accurrit
563 1192 767 1276 Venerius3
798 1192 908 1257 iubet
939 1215 996 1258 me
1028 1191 1196 1277 scyphos
1211 1221 1240 1261 ιο

182 1282 386 1369 sigillatos
415 1281 460 1347 ad
487 1284 707 1366 praetorem
735 1281 871 1347 statim
899 1280 1060 1346 adferre.
1106 1281 1196 1345 Per-

182 1375 307 1435 motus
323 1369 429 1454 sum',
442 1370 562 1454 inquit,
578 1369 705 1434 ‘binos
719 1369 922 1453 habebam,
940 1369 1053 1434 iubeo
1068 1369 1197 1453 promi
1229 1379 1232 1383 '

182 1462 381 1543 utrosque,
418 1479 464 1523 ne
500 1457 591 1542 quid
626 1458 713 1541 plns
751 1457 843 1522 mali
878 1460 1119 1542 nasceretur,
1157 1461 1197 1522 et

181 1568 324 1611 meeum
361 1546 406 1612 ed
444 1545 640 1629 praetoris
677 1545 826 1610 domum
860 1545 966 1611 ferri.
1019 1545 1074 1611 Eo
1111 1567 1197 1610 cnm

181 1635 307 1719 venio,
343 1637 502 1719 praetor
535 1634 774 1719 quiescebat3
809 1632 954 1699 fratres
985 1633 1050 1698 illi
1081 1632 1237 1718 Oiby-rs
1303 1669 1305 1686 ‹

181 1726 290 1788 retae
331 1722 637 1788 inambulabant.
692 1721 764 1799 Qui
800 1744 856 1787 me
892 1722 959 1787 ubi
996 1722 1195 1787 viderunt:

183 1810 286 1876 “Ubi
323 1815 426 1896 sunt,
465 1809 705 1894 Pamphile'',
744 1810 939 1894 inquiunt,
981 1807 1194 1896 “scyphi‘?”
1304 1827 1305 1876 ἒ

183 1899 354 1966 Ostendo
394 1899 539 1984 tristis;
579 1898 750 1964 laudant.
803 1898 952 1983 Incipio
991 1898 1101 1984 queri
1137 1920 1196 1963 me

56 2010 58 2013 ·
180 1988 282 2053 nihil
305 1988 543 2072 habiturum,
566 1987 666 2071 quod
689 1987 855 2074 alicuius
879 1991 982 2052 esset
1004 1986 1137 2073 pretii,
1161 1987 1198 2052 si

183 2077 299 2142 etiam
326 2077 462 2161 scyphi
489 2079 619 2141 essent
646 2074 779 2142 ablati.
825 2075 918 2140 Tum
945 2074 1021 2160 illi,
1049 2075 1114 2140 ubi
1136 2097 1238 2145 mero

182 2164 457 2230 conturbatum
483 2164 630 2231 vident:
658 2162 779 2240 “Quid
804 2163 862 2229 vis
884 2164 998 2229 nobis
1022 2164 1124 2246 dare,
1152 2167 1197 2229 ut

181 2252 252 2317 isti
280 2252 348 2317 abs
375 2256 414 2316 te
438 2274 483 2317 ne
507 2250 780 2317 auferantur?''
825 2250 880 2317 Ne
904 2252 1039 2336 multe,
1066 2250 1127 2318 Hs
1151 2273 1194 2314 00

182 2339 263 2424 me',
301 2339 422 2425 inquit,
463 2339 755 2426 <poposcernnt3
797 2339 876 2404 dixi
912 2363 969 2405 me
1006 2340 1195 2408 daturum.

182 2427 306 2493 Vocat
336 2428 489 2493 interea
519 2431 691 2513 praetor,
721 2427 850 2510 poscit
876 2428 1062 2513 scyphos?
1109 2427 1195 2493 Tum
1303 2485 1304 2520 ,

182 2516 259 2581 illos
295 2517 440 2601 coepisse
475 2517 620 2601 praetori
656 2516 760 2581 dicere
791 2520 924 2601 putasse
957 2538 1005 2601 se,
1040 2516 1074 2581 id
1107 2518 1195 2600 quod
1210 2546 1237 2587 es
1303 2549 1304 2604 ᾗ

121 2627 124 2633 ·
183 2604 359 2688 audissent,
373 2605 509 2671 alicuius
523 2604 621 2689 pretii
635 2603 774 2690 scyphos
789 2626 860 2669 esse
873 2604 1052 2690 Pamphili3
1069 2606 1195 2670 luteum
1226 2663 1229 2672 .
1303 2607 1304 2630 *

181 2693 351 2781 negotium
364 2714 444 2778 esse,
461 2714 529 2758 non
541 2693 685 2778 dignum,
704 2692 789 2777 qnod
802 2693 837 2757 in
851 2714 909 2760 suo
927 2696 1064 2779 argento
1073 2693 1194 2760 Verres

181 2782 327 2848 haberet.
376 2782 434 2847 Ait
464 2781 522 2846 ille
553 2781 639 2845 idam
671 2779 734 2845 sibi
764 2780 875 2846 videri.
922 2780 975 2846 Ita
1001 2780 1194 2866 Pamphilus

182 2870 323 2956 scyphos
347 2870 488 2956 optimos
513 2869 628 2934 aufert.

130 2963 163 3012 33
248 2958 293 3024 Et
317 2959 500 3025 mehercule
524 2979 585 3045 ego
609 2961 718 3041 antea,
744 2958 878 3022 tametsi
899 2958 963 3024 hoc
984 2958 1093 3025 neseio
1116 2958 1194 3043 quid
1208 2987 1236 3028 so
1302 2979 1303 2998 ¹

181 3047 391 3134 nugatorium
414 3047 555 3113 sciebam
579 3067 661 3130 esse,
689 3045 754 3110 ista
775 3045 980 3132 intellegere,
1003 3051 1114 3111 tamen
1136 3047 1195 3111 mi·

182 3134 249 3200 reri
269 3135 415 3201 solebam
433 3135 532 3200 istum
550 3133 586 3198 in
601 3133 654 3198 hia
673 3133 754 3217 ipsis
777 3134 873 3199 rebus
897 3134 1040 3220 aliquem
1063 3155 1195 3200 sensum

181 3223 312 3308 habere,
335 3245 431 3307 quem
449 3223 565 3288 scirem
582 3222 675 3287 nulla
696 3221 732 3286 in
753 3243 789 3287 re
813 3223 985 3308 quicquam
1009 3223 1115 3288 simile
1138 3223 1196 3289 ho-

132 3308 172 3372 15
182 3311 279 3376 minis
310 3309 440 3376 habere.
490 3310 574 3375 Tum
604 3311 746 3394 primum
777 3310 926 3376 intellexi
956 3311 998 3376 ed
1025 3333 1097 3376 eam
1124 3333 1196 3377 rem

182 3398 264 3463 istos
281 3397 401 3463 iratres
418 3397 590 3483 Cibyratas
608 3398 719 3482 fixisse,
740 3401 778 3463 ut
794 3398 857 3464 iste
874 3399 910 3463 in
932 3398 1070 3464 mando
1093 3400 1194 3465 mani·
1209 3425 1236 3469 as

181 3485 243 3548 bus
273 3484 354 3569 suis,
387 3486 489 3550 oeulis
515 3485 649 3550 illorum
675 3489 831 3552 uteretur.
880 3486 928 3552 At
953 3487 1002 3552 ita
1030 3487 1195 3554 studiosus

183 3575 233 3633 est
246 3571 342 3635 huius
360 3573 548 3655 praeclarae
566 3573 827 3659 existimationis,
845 3577 883 3639 ut
900 3575 1036 3660 putetur
1053 3575 1089 3640 in
1106 3576 1196 3642 hisce
