2576 3882
177 185 243 252 230
479 181 519 236 IN
538 180 567 237 G.
581 179 735 236 VERREM
753 179 832 235 ΑΟΤ.
851 180 886 235 ΙΙ.

177 322 1184 482 coslosalsellesresoluere
1265 400 1266 446 ψ

177 435 365 572 facultatesg
379 503 539 587 ferebant,
566 464 661 568 satis.²
688 436 806 585 p(lirae,
832 521 905 566 eum
933 502 1020 566 esset
1046 501 1081 566 in
1103 501 1185 566 Asia
1265 479 1266 496 ἵ

178 594 380 674 adulescens,
412 591 569 675 studiose,
600 594 637 656 ut
669 589 748 674 dixi,
779 592 986 673 compararat
1017 610 1083 655 non
1115 593 1185 656 tam

180 703 256 748 suae
283 680 507 746 delectationis
529 701 627 746 causa
650 700 748 762 quam
771 677 812 744 ad
834 677 1045 744 invitationes
1069 678 1186 744 adven·
1214 696 1224 736 ⁵

178 774 296 854 tueque
314 773 502 836 nostrorum
518 768 687 834 hominum
706 768 867 848 [suorum]
887 766 1065 832 amicorum
1088 770 1186 851 atque

126 869 162 921 st
180 858 357 944 hospitum.
397 857 486 935 Quae
504 859 718 942 posteaquam
740 855 803 920 iste
825 855 936 920 omnia
958 854 1097 920 abstulit
1120 855 1187 921 alia

179 947 336 1034 rogando,
354 946 419 1011 alia
432 945 602 1030 poscendo,
621 944 686 1009 alia
700 942 865 1027 sumendo,
882 942 1009 1008 ferebat
1024 941 1187 1028 Sthenius,

179 1041 216 1102 ut
238 1038 382 1120 poterat3
406 1034 588 1120 angebatur
610 1032 710 1098 animi
731 1031 922 1116 necessario,
946 1031 1032 1116 quod
1055 1031 1187 1098 domum

180 1124 248 1190 eius
267 1125 457 1191 exornatam
476 1125 509 1186 et
527 1121 720 1186 instructam
737 1120 806 1186 fere
828 1120 894 1185 iam
916 1119 979 1184 iste
1002 1119 1187 1187 reddiderat
1202 1140 1226 1179 ιο
1267 1109 1268 1144 i

178 1212 300 1277 nudam
332 1214 429 1294 atque
460 1209 604 1293 inanem3
635 1231 748 1274 verum
779 1212 889 1274 tamen
918 1207 1064 1274 dolorem
1091 1230 1187 1276 suum

179 1299 302 1365 nemini
322 1297 545 1382 impertiebat,
567 1297 728 1382 praetoris
751 1296 886 1362 iniurias
909 1297 1023 1382 tacite,
1045 1297 1186 1382 hospitis

127 1398 161 1448 85
180 1387 307 1472 placide
326 1386 476 1452 ferendas
500 1385 730 1452 arbitrabatur.
770 1384 901 1450 Interea
922 1385 986 1451 iste
1009 1385 1187 1470 cupiditate
1268 1421 1269 1432 κ

179 1476 239 1540 illa
258 1496 317 1540 sua
333 1477 414 1540 nota
432 1478 529 1558 atque
549 1475 634 1559 apud
653 1495 764 1540 omnes
782 1477 972 1560 pervagata,
995 1495 1069 1540 oum
1092 1474 1189 1560 signa

181 1562 340 1647 quaedam
366 1563 586 1647 pulcherrima
608 1566 705 1646 atque
729 1562 957 1646 antiquissima
979 1561 1128 1627 Thermis
1153 1564 1189 1628 in
1204 1581 1226 1620 1⁵

180 1651 310 1736 publico
339 1651 449 1736 posita
479 1651 627 1735 vidisset,
660 1651 836 1736 adamavit,
868 1673 888 1717 a
914 1648 1049 1717 Sthenio
1076 1654 1188 1735 petere

180 1740 300 1824 coepit,
329 1743 366 1804 ut
394 1739 434 1805 ad
462 1761 500 1805 ea
527 1739 673 1806 tollenda
699 1761 831 1825 operam
859 1760 952 1806 suam
978 1738 1189 1824 profiteretur
1269 1749 1270 1786 ὲ

181 1849 277 1912 seque
308 1828 483 1894 adiuvaret.
529 1825 682 1894 Sthenius
712 1849 790 1892 vero
817 1849 884 1893 non
910 1828 1017 1894 solum
1043 1830 1189 1914 negavit,

181 1915 351 1982 sedetiam
370 1916 513 1982 ostendit
530 1917 602 1981 fieri
619 1917 653 1981 id
670 1917 761 1983 nullo
784 1915 880 1982 modo
903 1937 1009 2001 posse,
1031 1920 1068 1982 ut
1091 1918 1190 2003 signa

180 2004 417 2089 antiquissima,
440 2009 649 2070 monumenta
668 2005 703 2070 P.
713 2003 868 2088 Africani,
892 2025 931 2070 ex
949 2004 1069 2090 oppido
1088 2005 1190 2072 Ther·
1205 2024 1228 2063 2⁰

179 2094 379 2158 mitanorum
410 2093 565 2158 incolumi
595 2093 655 2160 illa
684 2093 816 2158 civitate
845 2093 1046 2178 imperioque
1072 2096 1190 2179 populi
1270 2073 1271 2132 i

127 2239 171 2304 3¹5
180 2180 322 2247 Romani
335 2180 546 2282 tollerentur.
671 2269 678 2282 ι
745 2270 751 2283 ·
1064 2211 1079 2284 x·

127 2313 161 2365 ⁸⁶
180 2361 214 2422 a
235 2267 1190 2444 ,litlot,Stltntllt'ssllltnltlthlr

206 2445 212 2459 '
240 2445 343 2510 'enses
377 2447 538 2530 quondam
565 2450 732 2532 ceperant,
764 2448 850 2532 quod
875 2447 984 2514 fuerat
1011 2448 1046 2514 in
1071 2449 1190 2532 primis
1206 2468 1231 2508 2⁵

180 2467 309 2598 iiidice
336 2533 460 2600 clarum
483 2539 516 2600 et
540 2538 699 2600 ornatum.
740 2533 861 2621 Scipio,
888 2536 945 2621 qui
967 2536 1030 2603 hoo'
1052 2536 1191 2622 dignum

179 2621 301 2706 populo
332 2621 481 2689 Romano
518 2623 745 2708 arbitraretur,
776 2625 865 2690 bello
901 2625 1048 2692 confecto
1081 2627 1190 2692 socios
1270 2691 1271 2694 ,

180 2731 240 2774 sua
289 2730 325 2775 er
347 2717 496 2778 nostram
518 2711 689 2777 victoriam
711 2733 913 2797 recuperare,
942 2711 1058 2780 Siculis
1083 2717 1190 2780 omni-

179 2799 240 2864 bus
256 2733 455 2886 darthagine
474 2802 579 2883 capta,
598 2821 680 2883 quae
698 2801 815 2885 potuit,
833 2801 1033 2868 restituenda
1051 2804 1190 2870 curavit.

179 2885 316 2952 Himera
343 2888 451 2953 deleta
473 2907 553 2971 quos
577 2887 657 2953 civis
679 2888 760 2953 belli
783 2890 952 2956 calamitas
976 2890 1119 2975 reliquos
1144 2892 1191 2958 fe
1206 2910 1232 2950 ευ

180 2979 279 3059 cerat,
301 2976 326 3040 ii
344 2996 379 3040 se
398 2975 547 3076 Thermis
567 2976 776 3077 conlocarant
793 2979 829 3080 in
845 2978 949 3044 isdem
972 2979 1045 3066 agri
1067 2980 1190 3047 finibus

146 3152 148 3156 ·
179 3063 1190 3241 ttlglttllttltlrlllt,llldllltltllll

124 3249 160 3300 8⁷
179 3262 252 3305 rum
267 3243 457 3305 ornamenta
474 3240 509 3305 in
528 3262 639 3306 eorum
658 3242 777 3329 oppido
796 3244 1050 3310 collocabantur.
1081 3245 1190 3314 Erant

180 3327 274 3412 signa
302 3349 341 3391 ex
368 3349 441 3393 aere
466 3330 647 3415 complura3
673 3331 708 3395 in
730 3331 782 3396 his
805 3333 923 3400 eximia
945 3334 1232 3418 pulchritudines

179 3414 252 3497 ipsa
274 3412 410 3480 Himera
435 3416 470 3480 in
498 3418 689 3485 muliebrem
716 3420 857 3506 figuram
883 3423 1098 3508 habitumque
1124 3425 1190 3491 for·

179 3505 269 3565 meta
294 3520 333 3566 ex
355 3503 467 3589 oppidi
488 3507 619 3574 nomine
643 3513 676 3573 et
698 3507 850 3575 fluminis.
891 3511 973 3576 Erat
996 3511 1097 3578 etiam
1121 3511 1191 3579 Sto-
