2622 3884
358 224 426 280 LIB.
446 226 484 281 IV
513 224 589 280 GAP.
610 231 678 282 28—
681 233 715 281 30
734 233 747 292 §
767 233 833 281 64-
838 234 879 282 68.
1065 229 1129 296 391

122 369 348 456 inpudentiam
376 367 571 472 cognoscite.
616 369 709 447 Quod
737 371 846 455 eoiret,
878 370 965 456 quod
992 394 1031 438 ex
1058 372 1130 457 ipso

123 479 202 544 rege
224 458 400 524 audisset
390 481 425 525 m
447 456 544 544 Capit
546 459 611 525 olio
635 481 705 524 esse
727 459 924 545 ponendum,
951 460 1037 544 quod
1059 459 1131 528 Iovi

123 547 1131 722 1ᾞῖ1111111111ιὲῙέ131111111151111

78 741 96 783 s
124 720 364 809 ιοιρ11.οιιιιι
390 724 447 789 ille
475 745 509 789 se
537 727 570 789 et
597 725 756 811 religione
780 725 868 790 Iovis
891 724 989 809 Capit
974 725 1070 791 tolini
1097 729 1131 792 et

123 812 293 877 hominum
312 811 550 879 existimatione
573 812 724 898 impediri
746 813 875 898 diceret,
898 813 1003 916 quod·
1007 814 1130 879 multae

122 900 273 967 nationes
300 903 402 966 testes
430 905 538 966 essent
565 901 653 966 illius
682 902 788 987 operia
817 923 854 967 ao
881 902 1036 986 muneris,
1067 903 1130 968 iste

123 988 250 1054 homini
268 989 385 1055 minari
404 989 559 1056 aeerrims
580 989 696 1074 eoepit.
672 988 797 1055 tUbi
818 988 907 1055 videt
930 1011 1004 1056 eum
1026 953 1130 1056 nihilo

123 1077 230 1163 magis
262 1077 359 1142 minis
387 1099 484 1162 quam
511 1077 661 1163 preoibus
688 1079 883 1164 permoveri,
914 1082 1047 1165 repente
1074 1079 1131 1144 ho

81 1185 109 1224 ιο
124 1165 246 1231 minem
273 1166 312 1231 de
338 1166 504 1250 provincia
528 1167 619 1232 iubet
642 1169 869 1231 antenoetem
892 1166 1056 1251 decedere3
1084 1167 1131 1232 ait

124 1275 160 1319 se
184 1255 379 1339 comperisse
403 1276 441 1320 ex
464 1254 532 1319 eius
555 1275 656 1341 regno
679 1254 803 1338 piratas
828 1255 869 1319 ad
891 1252 1036 1321 Siciliam
1059 1276 1129 1320 esse

123 1344 288 1409 venturos.
336 1341 406 1408 Rex
438 1342 578 1408 maximo
610 1347 771 1408 conventu
798 1341 1006 1427 Syracusis
996 1365 1032 1410 ιιι
1057 1342 1129 1410 foro
1149 1357 1184 1408 ιι

124 1427 289 1622 huilli
306 1430 1010 1604 flllmi⁶a¹i¹p1ifiiemi0ibitli⁰elif
1003 1435 1130 1608 alli

83 1627 110 1666 ιι
124 1606 233 1692 foro,
224 1629 366 1692 mquam,
387 1604 557 1692 Syrasusis
575 1607 657 1672 flens
676 1628 714 1672 aa
732 1607 809 1673 deos
826 1608 1039 1694 hominesque
1058 1631 1130 1675 eon-

123 1698 251 1761 testans
269 1695 410 1762 clamare
429 1695 536 1780 eoepit
554 1695 785 1761 candelabrum
802 1695 870 1762 laet
855 1700 926 1762 tum
944 1719 961 1762 e
983 1698 1130 1783 gemmis,

124 1783 246 1868 quod
236 1805 270 1848 ιιι
293 1782 390 1870 Capit
376 1783 493 1849 tolium
519 1783 678 1848 missurus
705 1787 805 1870 esset,
832 1785 954 1868 quod
944 1806 979 1849 ιιι
1005 1786 1129 1871 templo

124 1872 306 1938 clarissimo
333 1872 454 1958 populo
480 1872 627 1938 Romano
654 1835 899 1938 monumentum
926 1893 1003 1938 suae
1031 1873 1131 1940 aoeie-

124 1961 205 2026 tatis
228 1960 454 2045 amicitiaeque
476 1981 547 2026 esse
569 1960 740 2046 voluisset,
763 1960 797 2025 id
820 1961 861 2026 ab
885 1983 919 2026 se
943 1960 1129 2028 overran

82 2069 110 2108 ιο
125 2049 313 2134 abstulisse;
346 2049 384 2114 de
416 2048 530 2114 aeteri·
563 2049 714 2133 operibus
748 2070 786 2115 ex
815 2071 894 2115 auro
922 2053 956 2114 et
983 2051 1130 2136 gemmis,

125 2159 207 2222 quae
234 2159 294 2204 sua
318 2158 417 2223 penes
445 2137 540 2202 illum
568 2140 688 2221 essent,
720 2158 754 2202 ee
781 2159 847 2203 non
873 2139 1036 2223 laborare,
1067 2138 1130 2204 hoo

124 2224 188 2290 sibi
215 2225 297 2310 eripi
323 2226 476 2291 miserum
504 2246 574 2290 esse
602 2228 635 2290 et
661 2225 841 2311 indignum.
885 2225 924 2291 Id
948 2228 1011 2292 etsi
1033 2230 1130 2294 antea

123 2314 191 2378 iam
222 2316 330 2378 mente
362 2317 395 2379 et
426 2313 625 2400 cogitatione
655 2335 714 2378 sua
741 2313 916 2399 fratrisque
944 2314 994 2379 sui
1021 2337 1129 2381 oense

124 2405 251 2467 oratum
278 2403 377 2486 esset,
403 2405 515 2466 tamen
538 2405 610 2467 tum
634 2423 668 2466 ae
690 2401 725 2466 in
747 2402 806 2468 illo
829 2407 988 2469 conventu
1011 2403 1129 2470 oinium

82 2509 110 2549 ιι
123 2489 345 2555 Romanorum
381 2489 471 2574 dare,
509 2490 641 2574 donare,
681 2489 801 2575 dicare,
837 2511 1023 2557 eonsecrare
1058 2493 1129 2560 Iovi

125 2577 250 2663 optimo
277 2576 417 2642 maximo
444 2581 626 2661 testemque
652 2577 761 2661 ipsum
782 2577 894 2646 Iovem
917 2601 994 2646 suae
1016 2581 1130 2647 volun·

123 2665 204 2731 tatia
228 2686 267 2732 ao
289 2665 457 2752 religionis
480 2665 642 2731 adhibere.

6 2759 7 2766 ’
191 2753 281 2830 Quae
309 2775 386 2838 vox,
417 2775 499 2838 quae
530 2754 648 2838 latera,
679 2777 762 2839 quae
792 2756 878 2821 vires
907 2755 1004 2821 huius
1033 2755 1182 2822 unius30

124 2841 269 2909 oriminis
302 2841 536 2926 querimoniam
566 2847 704 2928 possunt
736 2843 917 2909 sustinere?
962 2842 1032 2908 Rex
1063 2844 1129 2909 An-

84 2949 110 2989 ao
124 2930 266 3015 tioehus,
303 2930 359 3015 qui
389 2929 512 2998 Romae
549 2934 624 2996 ante
661 2932 771 2998 oeulos
804 2931 948 2997 omnium
978 2934 1128 2998 nostrum

124 3019 289 3086 biennium
307 3018 375 3083 fere
398 3019 556 3085 comitatu
577 3020 668 3106 regio
692 3023 789 3106 atque
812 3021 930 3085 ornatu
951 3018 1077 3105 fuisset,
1099 3021 1127 3086 is

123 3130 198 3174 eum
231 3107 353 3173 amiens
388 3110 421 3171 et
455 3109 561 3173 sooius
594 3107 708 3192 populi
740 3107 881 3174 Romani
915 3111 1015 3193 esset,
1051 3109 1129 3174 ami·

122 3196 254 3262 oiseimo
281 3199 388 3282 patre,
420 3217 495 3281 avo,
524 3196 716 3280 maioribus,
742 3195 977 3279 antiquissimis
1006 3199 1039 3262 et
1066 3197 1127 3262 ola·

122 3284 261 3350 tissimis
275 3284 417 3369 regibus,
436 3283 683 3370 opulentissimo
698 3287 732 3348 et
749 3284 890 3349 maximo
909 3305 1020 3370 regno,
1038 3306 1128 3370 prae

82 3390 110 3431 ae
124 3394 200 3459 eeps
224 3372 392 3458 provincia
414 3372 527 3456 populi
549 3371 689 3437 Romani
712 3372 902 3438 exturbatus
926 3376 985 3440 est.
1025 3372 1128 3450 Quem
1146 3384 1181 3436 es

123 3461 165 3528 ad
187 3460 319 3526 modum
340 3461 403 3527 hoe
426 3463 612 3545 accepturas
635 3459 784 3526 nationes
807 3464 946 3545 exterae,
968 3483 1064 3547 quem
1088 3463 1129 3529 ad

122 3549 255 3615 modum
273 3548 369 3614 huius
387 3549 438 3613 tui
455 3548 535 3618 faeti
552 3547 673 3614 famam
691 3549 727 3613 in
744 3571 846 3635 regna
869 3548 1007 3616 aliorum
1030 3554 1128 3637 atque
