2622 3884
325 143 393 200 ΜΒ.
412 147 451 201 lv
483 145 559 201 OAP.
579 152 685 202 aa-ss
704 153 719 214 s
740 154 887 204 ris-123.
1044 149 1111 213 415

102 311 293 356 conservare
315 290 481 356 voluisset.
522 290 561 356 In
584 290 646 356 hac
668 291 846 377 partitione
859 296 1003 360 ornatus
1026 316 1093 360 non
1113 307 1162 363 rar

102 379 176 464 plus
195 378 333 444 victoria
350 378 498 445 Marcelli
515 381 638 465 populo
657 379 805 446 Romano
825 381 991 467 adpetivit,
1013 403 1111 467 quam

101 467 288 533 humanitas
303 465 513 551 Syracusanis
528 468 716 535 reservavit.
749 470 887 535 Romam
902 492 984 556 quae
1001 492 1111 556 aspor-

101 559 174 622 tata
192 560 278 641 sunt,
301 555 342 620 ad
365 556 476 622 aedem
494 555 638 622 Honoris
661 560 695 622 et
704 556 847 624 Virtutis
870 558 1013 644 itemque
1036 560 1109 625 aliis

74 643 137 709 oin
163 644 243 710 locis
270 643 425 710 ridemus.
473 643 566 709 Nihil
592 646 628 710 in
656 645 802 732 aedibus,
832 647 916 715 nihil
943 648 979 712 in
1004 647 1110 714 hortis

101 733 224 818 posuit,
254 733 339 798 nihil
370 733 405 797 in
435 734 636 818 suburban03
667 734 809 820 putavit,
842 735 871 800 si
898 735 987 800 urbis
1016 758 1110 802 orna·

102 823 213 887 menta
244 821 375 887 domum
407 843 500 887 suam
527 843 594 888 non
620 822 826 907 contulisset,
858 822 989 890 domum
1017 845 1110 890 suam

102 913 293 976 ornamento
321 910 395 974 urbi
422 910 596 977 futuram·
622 908 790 996 Syracusis
814 915 924 977 autem
947 912 1111 996 permulta

102 1001 200 1082 atque
232 998 364 1086 egregia
396 998 542 1084 reliquit3
574 1000 670 1065 deum
701 1021 778 1065 vero
809 1000 937 1066 nullum
964 999 1110 1086 violavit,

60 1106 89 1147 ro
100 1087 228 1153 nullum
260 1087 381 1174 attigit.
432 1085 585 1153 Conferte
608 1086 758 1172 Verrem,
788 1110 855 1154 non
880 1093 918 1156 ut
944 1088 1110 1155 hominem

101 1197 175 1242 cum
192 1175 324 1241 homine
342 1176 547 1261 comparetis,
569 1198 610 1242 ne
633 1199 697 1261 qua
720 1177 781 1242 tali
803 1177 873 1242 viro
897 1180 1028 1244 mortuo
1050 1178 1110 1242 fiat

100 1264 227 1348 iniuria,
251 1264 307 1331 sed
325 1267 363 1328 ut
381 1287 493 1348 pacem
512 1287 585 1330 cum
607 1265 705 1349 bello,
727 1265 817 1351 leges
841 1288 915 1331 cum
937 1266 979 1350 vi,
1001 1265 1110 1331 forum

102 1355 135 1418 et
162 1353 241 1418 iuris
269 1352 443 1418 dictionem
470 1375 543 1419 cum
571 1353 658 1418 ferro
682 1357 715 1419 et
739 1354 851 1438 armis,
879 1353 1053 1420 adventum
1077 1358 1111 1420 et

101 1441 294 1508 comitatum
316 1463 389 1508 cum
412 1441 554 1508 exercitu
577 1445 610 1506 et
632 1441 768 1508 victoria
791 1442 976 1509 conferatis.

60 1549 87 1589 ra
168 1529 268 1597 Aedis
290 1529 456 1596 Minervae
479 1530 587 1595 estin
607 1528 733 1615 Insula,
761 1530 800 1595 de
824 1552 888 1614 qua
911 1535 987 1597 ante
1013 1531 1092 1616 dixi3
1112 1498 1163 1624 ἐξ

102 1641 200 1704 quam
212 1617 386 1684 Marcellus
404 1639 471 1684 non
489 1617 611 1703 attigit,
630 1640 728 1702 quam
746 1619 878 1703 plenam
898 1623 995 1704 atque
1015 1641 1109 1685 orna-

100 1711 171 1772 tam
195 1707 340 1791 rehquit3
368 1728 450 1792 quae
474 1707 515 1771 ab
538 1705 603 1770 isto
627 1706 673 1771 sic
696 1707 838 1791 spoliata
861 1711 960 1792 atque
983 1707 1110 1792 direpta

102 1799 160 1879 est,
182 1817 249 1862 non
271 1798 308 1860 ut
331 1795 372 1860 ab
395 1795 491 1859 hoste
514 1794 634 1878 aliquo,
657 1794 713 1879 qui
735 1797 846 1860 tamen
868 1795 904 1859 in
925 1796 1014 1860 bello
1036 1795 1110 1860 reli-

101 1885 231 1970 gionem
256 1887 289 1949 et
311 1882 551 1950 consuetudinis
575 1882 647 1947 iura
670 1881 833 1966 retineret,
857 1882 913 1947 sed
936 1887 973 1948 ut
996 1906 1016 1948 a
1038 1883 1110 1948 bar-

59 1991 87 2030 ro
101 1972 190 2036 baris
218 1971 434 2057 praedonibus
462 1974 579 2036 vexata
606 1991 677 2035 esse
701 1970 857 2036 rideatur.
902 1970 1017 2058 Pugna
1040 1975 1111 2037 erat

102 2060 261 2145 equestris
281 2059 458 2146 Agathocli
485 2059 572 2145 regis
600 2058 634 2123 in
661 2058 783 2124 tabulis
807 2059 909 2143 picta3
936 2059 977 2124 iis
1001 2064 1110 2125 autem

101 2149 224 2215 tabulis
247 2148 418 2214 interiores
441 2148 557 2230 templi
579 2147 720 2231 parietes
744 2147 976 2213 vestiebantur.
1016 2148 1110 2215 Nihil

101 2241 173 2304 erat
192 2259 230 2303 ea
251 2237 380 2322 pictura
401 2237 558 2319 nobilius,
580 2235 664 2300 nihil
688 2233 871 2320 Syracusis,
894 2236 981 2320 quod
1003 2238 1109 2324 magis

100 2325 270 2392 visendum
292 2328 470 2410 putaretur.
511 2323 581 2389 Has
604 2323 735 2389 tabulas
758 2323 802 2389 M.
819 2323 1009 2410 Marcellus,
1037 2347 1110 2391 cam

59 2431 87 2475 rc
102 2414 213 2482 omnia
239 2413 377 2480 victoria
404 2413 464 2477 illa
490 2433 550 2478 sua
572 2411 711 2497 profana
731 2411 875 2497 fecisset,
902 2417 1012 2479 tamen
1035 2415 1111 2480 reli-

102 2503 200 2590 gione
217 2501 381 2587 inpeditus
398 2522 465 2566 non
484 2501 611 2586 attigit3
634 2500 705 2584 iste,
725 2522 797 2567 cum
815 2501 875 2566 illa
892 2501 959 2567 iam
976 2506 1111 2588 propter

102 2591 290 2656 diuturnam
326 2611 440 2675 paoem
474 2588 730 2674 fidelitatemque
766 2589 880 2675 populi
916 2587 1111 2675 Syracusani

13 2735 14 2758 ἶ
102 2698 197 2744 saera
219 2676 436 2763 religiosaque
459 2677 649 2763 accepisset,
678 2677 782 2743 omnis
809 2699 863 2743 aas
886 2679 1016 2744 tabulas
1040 2680 1111 2744 abs-

13 2759 14 2848 l
101 2765 190 2850 tulit,
212 2765 363 2850 parietes,
386 2786 523 2850 quorum
542 2770 676 2832 ornatus
695 2769 747 2832 tot
766 2767 895 2832 saecula
914 2770 1111 2851 manserant,

13 2851 14 2868 ¹
59 2874 88 2916 so
100 2858 155 2922 tot
186 2853 275 2918 bella
307 2853 501 2939 effugerant,
532 2854 636 2920 nudos
668 2877 706 2920 ac
739 2853 937 2920 deformatos
969 2854 1111 2939 reliquit.

100 2944 147 3010 Et
165 2941 348 3025 Marcellus,
372 2942 436 3026 qui,
458 2942 488 3006 si
510 2939 686 3027 Syracusas
710 2942 858 3026 cepisset,
881 2941 944 3007 duo
967 2942 1092 3027 templa
1112 2948 1162 2997 12³

13 3009 14 3076 l
101 3053 137 3098 se
155 3031 279 3097 Romae
299 3029 520 3096 dedicaturum
538 3033 682 3113 voverat,
704 3030 733 3094 is
755 3028 798 3114 id,
821 3028 908 3114 quod
931 3033 1002 3095 erat
1025 3029 1109 3095 aedi-

100 3120 266 3206 ficaturus,
283 3118 325 3184 iis
338 3119 435 3184 rebus
451 3139 575 3201 ornare,
594 3139 674 3202 quas
691 3120 830 3201 ceperat,
848 3117 967 3200 noluit3
982 3117 1111 3204 Verres,

102 3209 160 3294 qui
180 3230 248 3274 non
268 3207 396 3274 Honori
418 3227 521 3291 neque
539 3204 679 3289 Virtuti,
707 3226 802 3289 quem
826 3206 867 3271 ad
890 3205 1022 3272 modum
1044 3207 1110 3293 ille,

61 3313 88 3356 aa
102 3296 160 3363 sed
173 3295 294 3362 Veneri
312 3300 345 3362 et
364 3293 515 3379 Cupidini
531 3298 610 3360 vota
628 3294 768 3377 deberat,
790 3293 819 3360 is
842 3292 1008 3361 Minervae
1030 3298 1111 3361 tem·

102 3385 196 3470 plum
222 3385 362 3470 spoliare
390 3387 524 3451 conatus
549 3387 609 3449 est.
653 3383 715 3448 Ille
738 3381 814 3450 deos
837 3382 971 3449 deorum
994 3384 1109 3469 spoliis

103 3472 214 3541 ornari
248 3473 368 3559 noluit,
403 3473 457 3539 hio
489 3475 680 3540 ornamenta
710 3469 875 3539 Minervae
906 3471 1043 3560 virginis
1075 3473 1111 3538 in
