2622 3884
159 191 224 256 348
464 189 504 244 IN
523 189 551 244 0.
566 188 722 244 VERREM
739 187 818 244 AGT.
837 189 871 244 II.
937 259 941 266 λ

159 358 198 401 ex
220 335 323 400 ternis
347 335 486 400 denariis
509 334 648 420 pendere
671 334 806 418 crimen,
829 334 886 398 sed
909 356 949 399 ex
971 333 1175 400 coniectione

159 445 306 488 annonae
330 427 428 508 atque
452 423 699 488 aestimationis.

224 511 356 578 Etenim
387 513 468 577 haec
499 512 684 577 aestimatio
716 515 796 576 neta
823 515 874 576 est
899 511 1009 595 initio,
1038 510 1174 595 iudiceS,

157 622 224 666 non
245 623 283 665 ex
306 605 495 685 praetorum
518 604 576 666 aut
598 600 781 685 consulum,
805 600 862 665 sed
885 622 924 664 ex
947 603 1115 665 aratorum
1139 603 1174 664 et

158 689 328 754 civitatum
356 689 534 755 commodo.
580 690 684 754 Nemo
708 689 794 753 enim
816 688 880 752 fuit
902 689 996 753 initio
1020 692 1090 753 tam
1112 687 1202 753 im-⁶

156 778 290 862 pudens,
314 777 378 862 qni,
401 800 475 843 cum
496 778 696 842 frumentum
720 777 899 861 deberetur,
921 776 1091 862 pecuniam
1115 799 1173 861 po

158 870 270 931 sceret.
317 865 412 932 Certe
438 867 501 931 hoc
529 866 569 930 ab
598 869 727 931 aratore
750 866 893 951 primum
916 869 967 930 est
988 865 1173 950 profectum

158 958 215 1019 aut
247 955 289 1018 ab
322 977 361 1020 ea
392 955 538 1038 civitate,
570 954 621 1019 cui
652 954 888 1040 imperabatur,
920 976 993 1020 cum
1021 957 1078 1019 aut
1103 953 1172 1017 fru-

157 1046 303 1108 mentum
334 1043 533 1109 vendidisset
565 1047 623 1107 aut
654 1064 783 1108 servare
815 1043 916 1106 vellet
948 1047 1005 1107 aut
1033 1041 1069 1106 in
1096 1063 1173 1106 eum

157 1132 278 1215 locum,
316 1153 379 1215 quo
410 1131 646 1216 imperabatur,
683 1135 815 1215 portare
836 1131 955 1216 nollet,
985 1129 1104 1214 petivit
1135 1130 1173 1194 in
1188 1147 1214 1187 1⁰

157 1219 304 1284 beneficii
322 1221 394 1285 loco
414 1223 447 1284 et
470 1219 605 1304 gratiae,
629 1222 665 1283 ut
689 1219 753 1284 sibi
775 1240 835 1304 pro
857 1219 1031 1303 frumento,
1055 1219 1173 1303 quanti

156 1307 358 1372 frumentum
376 1311 471 1390 esset,
495 1308 571 1372 dare
589 1307 710 1372 liceret.
746 1307 797 1371 Ex
814 1306 948 1372 huiusce
971 1306 1060 1372 modi
1082 1307 1172 1392 prin-

157 1395 242 1480 cipio
270 1400 367 1479 atque
395 1417 433 1460 ex
461 1396 660 1460 liberalitate
688 1399 721 1460 et
749 1395 1046 1461 accommodatione
1067 1396 1173 1480 magi-

105 1495 156 1545 190
176 1486 338 1548 stratuum
353 1484 550 1549 consuetudo
566 1484 803 1550 aestimationis
817 1485 1004 1550 introducta
1025 1487 1084 1548 est.
1117 1481 1172 1548 Se-

157 1571 224 1637 cuti
242 1575 319 1636 sunt
337 1572 501 1637 avariores
520 1573 744 1658 magistratus,
767 1573 822 1657 qui
840 1575 951 1637 tamen
971 1573 1006 1636 in
1029 1572 1172 1639 avaritia
1186 1588 1213 1629 1⁵

157 1682 216 1725 sua
231 1682 298 1725 non
316 1661 422 1725 solum
441 1661 533 1725 viam¹
548 1664 700 1744 quaestus
719 1661 921 1745 invenenmt,
938 1683 1051 1726 verum
1070 1661 1171 1725 etiam

157 1749 279 1814 exitum
307 1770 345 1814 ac
373 1749 533 1814 rationem
558 1749 762 1815 defensionis.
802 1749 1019 1814 Instituerunt
1042 1771 1172 1834 semper

156 1837 191 1901 in
204 1838 321 1902 ultima
336 1860 373 1903 ac
392 1837 586 1903 difficillima
605 1838 645 1902 ad
664 1837 860 1922 portandum
879 1839 952 1904 loca
968 1838 1170 1902 frumentum

155 1926 330 2011 imperare,
362 1930 399 1990 ut
431 1929 581 1991 vecturae
614 1925 819 2010 difficultate,
851 1926 893 1991 ad
920 1948 1018 2011 quam
1044 1926 1170 1992 vellent

156 2015 437 2099 aestumationem,
454 2015 669 2099 pervenirent.
700 2013 739 2078 In
755 2015 818 2079 hoc
837 2036 953 2101 genere
971 2015 1100 2080 facilior
1119 2018 1171 2079 est
1186 2031 1222 2072 ro.

157 2103 355 2168 existimatio
388 2125 485 2187 quam
516 2103 738 2188 reprehensio,
769 2103 842 2167 ideo
876 2103 962 2187 quod
994 2125 1081 2187 eum,
1113 2104 1170 2188 qui

156 2190 219 2255 hoc
236 2191 324 2275 facit,
348 2214 482 2256 avarum
505 2213 677 2276 possumus
700 2190 905 2277 existumare,
928 2191 1050 2256 crimen
1071 2192 1107 2256 in
1130 2213 1169 2257 eo

156 2279 354 2344 constituere
385 2301 452 2344 non
483 2283 553 2344 tam
584 2280 680 2346 facile
708 2301 894 2364 possumus,
927 2280 1013 2364 quod
1039 2279 1171 2345 videtur

157 2367 394 2432 concedendum
420 2369 670 2454 magistratibus
698 2369 821 2433 nostris
849 2389 932 2453 esse,
959 2368 1076 2453 otiis,
1104 2390 1169 2452 quo

156 2455 228 2520 loco
260 2455 377 2539 velint,
409 2456 607 2521 frumentum
635 2457 779 2540 accipere
807 2457 912 2522 liceat.
962 2456 1078 2541 Itaque
1106 2456 1170 2522 hoc
1183 2473 1211 2514 2⁵

156 2547 215 2627 est,
239 2543 325 2626 quod
343 2544 440 2608 multi
456 2544 598 2609 fortasse
619 2545 775 2629 fecenmt,
798 2544 854 2610 sed
876 2545 925 2610 ita
947 2545 1053 2629 multi,
1074 2549 1113 2610 ut
1135 2545 1169 2630 ii,

157 2654 237 2716 quos
264 2631 548 2698 innocentissimos
571 2633 775 2698 meminimus
799 2637 856 2698 aut
879 2633 1075 2718 audivimus,
1101 2655 1169 2698 non

103 2720 300 2843 83fecerint.

104 2808 854 2983 1⁹11attttttsstristitiis&
867 2810 1169 2983 tutttttt
1183 2914 1211 2955 a

156 2987 282 3073 gnitate
310 2987 440 3051 adducti
464 3009 522 3072 per
544 2987 734 3052 beneficium
757 2991 791 3052 et
814 2988 956 3074 gratiam
979 2987 1169 3052 civitatibus

156 3079 397 3160 concesserunt,
422 3078 461 3139 ut
487 3097 638 3140 nummos
666 3097 726 3160 pro
753 3075 917 3141 frumento
946 3076 1069 3154 darent.
1115 3075 1171 3141 Ita

155 3164 249 3229 oredo
282 3163 404 3248 petisse
436 3164 477 3228 ab
509 3164 574 3229 isto
607 3167 767 3248 aratores,
798 3168 849 3249 ut,
882 3187 955 3230 cum
981 3161 1038 3227 HS
1064 3165 1170 3229 ternis

154 3251 259 3316 tritici
294 3251 437 3316 modium
474 3252 611 3317 vendere
647 3274 713 3317 non
748 3256 896 3337 possent,
932 3274 992 3336 pro
1028 3252 1170 3338 singulis

155 3338 272 3403 modiis
296 3339 446 3404 denarios
468 3343 579 3404 ternos
604 3340 679 3405 dare
702 3340 822 3406 liceret.
859 3340 912 3406 An
935 3344 986 3424 tu,
1013 3343 1171 3425 quoniam
1185 3356 1213 3399 ao

155 3426 217 3489 hoc
243 3447 310 3490 non
333 3425 431 3490 audes
455 3426 574 3510 dicere,
599 3428 678 3492 illuc
700 3429 881 3514 confugies,
908 3433 1060 3495 vecturae
1082 3428 1171 3492 diffi-

156 3513 278 3577 cultate
298 3512 453 3578 adductos
473 3514 621 3580 denarios
640 3518 751 3580 ternos
771 3517 846 3582 dare
865 3517 1043 3583 maluisse?
1067 3513 1171 3582 Cuius
