<?xml version="1.0" encoding="UTF-8"?>
<!DOCTYPE html PUBLIC "-//W3C//DTD XHTML 1.0 Transitional//EN"
    "http://www.w3.org/TR/xhtml1/DTD/xhtml1-transitional.dtd">
<html xmlns="http://www.w3.org/1999/xhtml" xml:lang="en" lang="en">
 <head>
  <title>
</title>
<meta http-equiv="Content-Type" content="text/html;charset=utf-8" />
  <meta name='ocr-system' content='tesseract 3.04.00' />
  <meta name='ocr-capabilities' content='ocr_page ocr_carea ocr_par ocr_line ocrx_word'/>
</head>
<body>
  <div class='ocr_page' id='page_1' title='image "./scriptaquaemans01mullgoog_0321.png"; bbox 0 0 2576 3882; ppageno 0'>
   <div class='ocr_carea' id='block_1_1' title="bbox 170 127 876 244">
    <p class='ocr_par' dir='ltr' id='par_1_1' title="bbox 170 127 876 244">
     <span class='ocr_line' id='line_1_1' title="bbox 170 127 876 244; baseline -0.016 -2"><span class='ocrx_word' id='word_1_1' title='bbox 170 177 236 244; x_wconf 79' lang='lat' dir='ltr'>roe</span> <span class='ocrx_word' id='word_1_2' title='bbox 462 127 510 230; x_wconf 77' lang='lat' dir='ltr'>&#39;ru</span> <span class='ocrx_word' id='word_1_3' title='bbox 528 174 558 232; x_wconf 86' lang='lat' dir='ltr'>e.</span> <span class='ocrx_word' id='word_1_4' title='bbox 572 175 727 232; x_wconf 74' lang='lat' dir='ltr'>raama</span> <span class='ocrx_word' id='word_1_5' title='bbox 744 173 823 231; x_wconf 71' lang='lat' dir='ltr'>rm.</span> <span class='ocrx_word' id='word_1_6' title='bbox 841 176 876 231; x_wconf 90' lang='lat'>11.</span> 
     </span>
    </p>
   </div>
   <div class='ocr_carea' id='block_1_2' title="bbox 114 318 1281 3587">
    <p class='ocr_par' dir='ltr' id='par_1_2' title="bbox 114 318 1281 3600">
     <span class='ocr_line' id='line_1_2' title="bbox 169 318 1281 406; baseline -0.001 -19"><span class='ocrx_word' id='word_1_7' title='bbox 169 343 208 387; x_wconf 87' lang='lat' dir='ltr'>ex</span> <span class='ocrx_word' id='word_1_8' title='bbox 235 321 294 386; x_wconf 93' lang='lat' dir='ltr'>illo</span> <span class='ocrx_word' id='word_1_9' title='bbox 322 321 427 386; x_wconf 91' lang='lat' dir='ltr'>omine</span> <span class='ocrx_word' id='word_1_10' title='bbox 455 321 580 387; x_wconf 88' lang='lat' dir='ltr'>urbano</span> <span class='ocrx_word' id='word_1_11' title='bbox 608 321 650 387; x_wconf 90' lang='lat' dir='ltr'>ad</span> <span class='ocrx_word' id='word_1_12' title='bbox 672 319 880 386; x_wconf 85' lang='lat' dir='ltr'>everrendam</span> <span class='ocrx_word' id='word_1_13' title='bbox 902 318 1103 404; x_wconf 87' lang='lat' dir='ltr'>provinciam</span> <span class='ocrx_word' id='word_1_14' title='bbox 1125 343 1178 386; x_wconf 74' lang='lat' dir='ltr'>ve·</span> <span class='ocrx_word' id='word_1_15' title='bbox 1280 321 1281 406; x_wconf 70' lang='lat' dir='ltr'>l</span> 
     </span>
     <span class='ocr_line' id='line_1_3' title="bbox 168 406 1281 496; baseline -0.002 -20"><span class='ocrx_word' id='word_1_16' title='bbox 168 409 278 496; x_wconf 81' lang='lat' dir='ltr'>uerit),</span> <span class='ocrx_word' id='word_1_17' title='bbox 300 409 413 475; x_wconf 87' lang='lat' dir='ltr'>statim</span> <span class='ocrx_word' id='word_1_18' title='bbox 431 409 583 476; x_wconf 79' lang='lat' dir='ltr'><strong>Messana</strong></span> <span class='ocrx_word' id='word_1_19' title='bbox 604 409 732 476; x_wconf 76' lang='lat' dir='ltr'><strong>litteras</strong></span> <span class='ocrx_word' id='word_1_20' title='bbox 754 408 932 474; x_wconf 76' lang='lat' dir='ltr'>Halaesam</span> <span class='ocrx_word' id='word_1_21' title='bbox 954 409 1058 474; x_wconf 88' lang='lat' dir='ltr'>mittit</span> <span class='ocrx_word' id='word_1_22' title='bbox 1080 406 1174 494; x_wconf 84' lang='lat' dir='ltr'>(quaa</span> <span class='ocrx_word' id='word_1_23' title='bbox 1280 411 1281 465; x_wconf 84' lang='lat' dir='ltr'>l</span> 
     </span>
     <span class='ocr_line' id='line_1_4' title="bbox 169 497 1176 584; baseline -0.002 -20"><span class='ocrx_word' id='word_1_24' title='bbox 169 519 231 584; x_wconf 85' lang='lat' dir='ltr'>ego</span> <span class='ocrx_word' id='word_1_25' title='bbox 250 498 351 564; x_wconf 88' lang='lat' dir='ltr'>istum</span> <span class='ocrx_word' id='word_1_26' title='bbox 368 498 404 563; x_wconf 94' lang='lat' dir='ltr'>in</span> <span class='ocrx_word' id='word_1_27' title='bbox 425 497 525 564; x_wconf 85' lang='lat' dir='ltr'>Italia</span> <span class='ocrx_word' id='word_1_28' title='bbox 547 499 777 584; x_wconf 77' lang='lat' dir='ltr'>conscripsisse</span> <span class='ocrx_word' id='word_1_29' title='bbox 800 497 957 581; x_wconf 79' lang='lat' dir='ltr'>arbitror3</span> <span class='ocrx_word' id='word_1_30' title='bbox 978 519 1055 562; x_wconf 90' lang='lat' dir='ltr'>nam</span> <span class='ocrx_word' id='word_1_31' title='bbox 1078 497 1176 562; x_wconf 89' lang='lat' dir='ltr'>simul</span> 
     </span>
     <span class='ocr_line' id='line_1_5' title="bbox 169 585 1176 674; baseline -0.002 -22"><span class='ocrx_word' id='word_1_32' title='bbox 169 591 267 671; x_wconf 88' lang='lat' dir='ltr'>atque</span> <span class='ocrx_word' id='word_1_33' title='bbox 299 608 317 652; x_wconf 90' lang='lat' dir='ltr'>e</span> <span class='ocrx_word' id='word_1_34' title='bbox 347 586 425 653; x_wconf 87' lang='lat' dir='ltr'>naui</span> <span class='ocrx_word' id='word_1_35' title='bbox 462 607 612 674; x_wconf 86' lang='lat' dir='ltr'>egressus</span> <span class='ocrx_word' id='word_1_36' title='bbox 649 591 713 671; x_wconf 85' lang='lat' dir='ltr'>est,</span> <span class='ocrx_word' id='word_1_37' title='bbox 751 585 867 672; x_wconf 88' lang='lat' dir='ltr'>dedit),</span> <span class='ocrx_word' id='word_1_38' title='bbox 905 587 943 650; x_wconf 92' lang='lat' dir='ltr'>ut</span> <span class='ocrx_word' id='word_1_39' title='bbox 979 585 1176 653; x_wconf 74' lang='lat' dir='ltr'>Halaesinus</span> 
     </span>
     <span class='ocr_line' id='line_1_6' title="bbox 169 674 1204 760; baseline -0.008 -18"><span class='ocrx_word' id='word_1_40' title='bbox 169 675 211 742; x_wconf 90' lang='lat' dir='ltr'>ad</span> <span class='ocrx_word' id='word_1_41' title='bbox 242 697 277 740; x_wconf 90' lang='lat' dir='ltr'>se</span> <span class='ocrx_word' id='word_1_42' title='bbox 303 674 367 742; x_wconf 92' lang='lat' dir='ltr'>Dio</span> <span class='ocrx_word' id='word_1_43' title='bbox 399 676 553 741; x_wconf 90' lang='lat' dir='ltr'>continuo</span> <span class='ocrx_word' id='word_1_44' title='bbox 583 676 722 760; x_wconf 85' lang='lat' dir='ltr'>veniret;</span> <span class='ocrx_word' id='word_1_45' title='bbox 753 696 789 740; x_wconf 88' lang='lat' dir='ltr'>ee</span> <span class='ocrx_word' id='word_1_46' title='bbox 821 675 860 739; x_wconf 90' lang='lat' dir='ltr'>de</span> <span class='ocrx_word' id='word_1_47' title='bbox 886 674 1065 740; x_wconf 88' lang='lat' dir='ltr'>hereditate</span> <span class='ocrx_word' id='word_1_48' title='bbox 1092 675 1204 740; x_wconf 80' lang='lat' dir='ltr'>uelles</span> 
     </span>
     <span class='ocr_line' id='line_1_7' title="bbox 169 762 1183 852; baseline -0.004 -22"><span class='ocrx_word' id='word_1_49' title='bbox 169 785 372 852; x_wconf 76' lang='lat' dir='ltr'>cognoscere,</span> <span class='ocrx_word' id='word_1_50' title='bbox 391 785 474 848; x_wconf 90' lang='lat' dir='ltr'>quae</span> <span class='ocrx_word' id='word_1_51' title='bbox 488 765 556 829; x_wconf 87' lang='lat' dir='ltr'>eius</span> <span class='ocrx_word' id='word_1_52' title='bbox 570 765 639 830; x_wconf 92' lang='lat' dir='ltr'>filio</span> <span class='ocrx_word' id='word_1_53' title='bbox 654 787 674 830; x_wconf 90' lang='lat' dir='ltr'>a</span> <span class='ocrx_word' id='word_1_54' title='bbox 687 763 870 849; x_wconf 89' lang='lat' dir='ltr'>propinquo</span> <span class='ocrx_word' id='word_1_55' title='bbox 883 763 1024 848; x_wconf 90' lang='lat' dir='ltr'>homine,</span> <span class='ocrx_word' id='word_1_56' title='bbox 1042 762 1183 848; x_wconf 85' lang='lat' dir='ltr'>Apollo-</span> 
     </span>
     <span class='ocr_line' id='line_1_8' title="bbox 116 849 1245 939; baseline 0 -24"><span class='ocrx_word' id='word_1_57' title='bbox 116 865 151 915; x_wconf 79' lang='lat'>20</span> <span class='ocrx_word' id='word_1_58' title='bbox 170 852 249 918; x_wconf 91' lang='lat' dir='ltr'>doro</span> <span class='ocrx_word' id='word_1_59' title='bbox 267 852 461 939; x_wconf 82' lang='lat' dir='ltr'>Laphirone,</span> <span class='ocrx_word' id='word_1_60' title='bbox 478 853 629 919; x_wconf 84' lang='lat' dir='ltr'>venisset.</span> <span class='ocrx_word' id='word_1_61' title='bbox 665 851 716 917; x_wconf 91' lang='lat' dir='ltr'>Ea</span> <span class='ocrx_word' id='word_1_62' title='bbox 734 855 814 936; x_wconf 91' lang='lat' dir='ltr'>erat,</span> <span class='ocrx_word' id='word_1_63' title='bbox 831 851 961 937; x_wconf 90' lang='lat' dir='ltr'>iudices,</span> <span class='ocrx_word' id='word_1_64' title='bbox 983 849 1177 938; x_wconf 84' lang='lat' dir='ltr'>pergrandis</span> <span class='ocrx_word' id='word_1_65' title='bbox 1242 859 1245 864; x_wconf 80' lang='grc'>’</span> 
     </span>
     <span class='ocr_line' id='line_1_9' title="bbox 168 937 1176 1026; baseline -0.002 -20"><span class='ocrx_word' id='word_1_66' title='bbox 168 942 312 1026; x_wconf 85' lang='lat' dir='ltr'>pecunia</span> <span class='ocrx_word' id='word_1_67' title='bbox 353 941 416 1008; x_wconf 87' lang='lat' dir='ltr'>Hic</span> <span class='ocrx_word' id='word_1_68' title='bbox 439 945 489 1007; x_wconf 89' lang='lat' dir='ltr'>est</span> <span class='ocrx_word' id='word_1_69' title='bbox 511 941 588 1025; x_wconf 90' lang='lat' dir='ltr'>Dio,</span> <span class='ocrx_word' id='word_1_70' title='bbox 614 941 748 1025; x_wconf 86' lang='lat' dir='ltr'>iudices,</span> <span class='ocrx_word' id='word_1_71' title='bbox 769 961 856 1006; x_wconf 91' lang='lat' dir='ltr'>nunc</span> <span class='ocrx_word' id='word_1_72' title='bbox 877 940 1032 1006; x_wconf 89' lang='lat' dir='ltr'>beneficio</span> <span class='ocrx_word' id='word_1_73' title='bbox 1056 939 1092 1016; x_wconf 76' lang='lat' dir='ltr'>Q.</span> <span class='ocrx_word' id='word_1_74' title='bbox 1110 937 1176 1004; x_wconf 90' lang='lat' dir='ltr'>Me·</span> 
     </span>
     <span class='ocr_line' id='line_1_10' title="bbox 168 1028 1177 1115; baseline -0.002 -21"><span class='ocrx_word' id='word_1_75' title='bbox 168 1030 241 1095; x_wconf 91' lang='lat' dir='ltr'>telli</span> <span class='ocrx_word' id='word_1_76' title='bbox 268 1029 348 1096; x_wconf 86' lang='lat' dir='ltr'>ciuis</span> <span class='ocrx_word' id='word_1_77' title='bbox 370 1030 536 1096; x_wconf 89' lang='lat' dir='ltr'>Romanus</span> <span class='ocrx_word' id='word_1_78' title='bbox 563 1029 684 1115; x_wconf 73' lang='lat' dir='ltr'>factus,</span> <span class='ocrx_word' id='word_1_79' title='bbox 711 1029 750 1094; x_wconf 89' lang='lat' dir='ltr'>de</span> <span class='ocrx_word' id='word_1_80' title='bbox 778 1050 842 1112; x_wconf 92' lang='lat' dir='ltr'>quo</span> <span class='ocrx_word' id='word_1_81' title='bbox 870 1029 982 1094; x_wconf 88' lang='lat' dir='ltr'>multis</span> <span class='ocrx_word' id='word_1_82' title='bbox 1010 1028 1089 1094; x_wconf 85' lang='lat' dir='ltr'>viris</span> <span class='ocrx_word' id='word_1_83' title='bbox 1111 1028 1177 1114; x_wconf 89' lang='lat' dir='ltr'>pri·</span> 
     </span>
     <span class='ocr_line' id='line_1_11' title="bbox 168 1117 1223 1203; baseline 0 -19"><span class='ocrx_word' id='word_1_84' title='bbox 168 1118 280 1184; x_wconf 88' lang='lat' dir='ltr'>mariis</span> <span class='ocrx_word' id='word_1_85' title='bbox 293 1119 432 1185; x_wconf 80' lang='lat' dir='ltr'>testibus</span> <span class='ocrx_word' id='word_1_86' title='bbox 444 1119 685 1203; x_wconf 88' lang='lat' dir='ltr'>multorumque</span> <span class='ocrx_word' id='word_1_87' title='bbox 694 1118 816 1183; x_wconf 90' lang='lat' dir='ltr'>tabulis</span> <span class='ocrx_word' id='word_1_88' title='bbox 826 1117 919 1183; x_wconf 85' lang='lat' dir='ltr'>vobis</span> <span class='ocrx_word' id='word_1_89' title='bbox 928 1117 1037 1202; x_wconf 89' lang='lat' dir='ltr'>priore</span> <span class='ocrx_word' id='word_1_90' title='bbox 1049 1117 1175 1182; x_wconf 90' lang='lat' dir='ltr'>actione</span> <span class='ocrx_word' id='word_1_91' title='bbox 1198 1143 1223 1184; x_wconf 87' lang='grc' dir='ltr'>ιο</span> 
     </span>
     <span class='ocr_line' id='line_1_12' title="bbox 169 1204 1175 1291; baseline -0.002 -19"><span class='ocrx_word' id='word_1_92' title='bbox 169 1207 250 1272; x_wconf 85' lang='lat' dir='ltr'>satis</span> <span class='ocrx_word' id='word_1_93' title='bbox 268 1208 391 1272; x_wconf 85' lang='lat' dir='ltr'>factum</span> <span class='ocrx_word' id='word_1_94' title='bbox 409 1211 468 1291; x_wconf 87' lang='lat' dir='ltr'>est,</span> <span class='ocrx_word' id='word_1_95' title='bbox 489 1204 546 1272; x_wconf 83' lang='lat' dir='ltr'>HS</span> <span class='ocrx_word' id='word_1_96' title='bbox 565 1207 691 1274; x_wconf 86' lang='lat' dir='ltr'>deciens</span> <span class='ocrx_word' id='word_1_97' title='bbox 713 1209 920 1272; x_wconf 90' lang='lat' dir='ltr'>numeratum</span> <span class='ocrx_word' id='word_1_98' title='bbox 942 1225 1022 1288; x_wconf 89' lang='lat' dir='ltr'>esse,</span> <span class='ocrx_word' id='word_1_99' title='bbox 1043 1208 1081 1270; x_wconf 90' lang='lat' dir='ltr'>ut</span> <span class='ocrx_word' id='word_1_100' title='bbox 1103 1225 1175 1270; x_wconf 88' lang='lat' dir='ltr'>eam</span> 
     </span>
     <span class='ocr_line' id='line_1_13' title="bbox 168 1293 1176 1379; baseline -0.002 -19"><span class='ocrx_word' id='word_1_101' title='bbox 168 1317 308 1377; x_wconf 89' lang='lat' dir='ltr'>causam,</span> <span class='ocrx_word' id='word_1_102' title='bbox 331 1295 366 1360; x_wconf 91' lang='lat' dir='ltr'>in</span> <span class='ocrx_word' id='word_1_103' title='bbox 384 1317 506 1379; x_wconf 87' lang='lat' dir='ltr'>quana</span> <span class='ocrx_word' id='word_1_104' title='bbox 524 1295 716 1360; x_wconf 88' lang='lat' dir='ltr'>tenuissima</span> <span class='ocrx_word' id='word_1_105' title='bbox 735 1295 864 1379; x_wconf 92' lang='lat' dir='ltr'>quidem</span> <span class='ocrx_word' id='word_1_106' title='bbox 882 1293 1043 1358; x_wconf 91' lang='lat' dir='ltr'>dubitatio</span> <span class='ocrx_word' id='word_1_107' title='bbox 1063 1297 1176 1378; x_wconf 87' lang='lat' dir='ltr'>posset</span> 
     </span>
     <span class='ocr_line' id='line_1_14' title="bbox 168 1382 1176 1470; baseline -0.002 -23"><span class='ocrx_word' id='word_1_108' title='bbox 168 1403 248 1467; x_wconf 89' lang='lat' dir='ltr'>esse,</span> <span class='ocrx_word' id='word_1_109' title='bbox 265 1383 331 1448; x_wconf 87' lang='lat' dir='ltr'>isto</span> <span class='ocrx_word' id='word_1_110' title='bbox 345 1388 560 1470; x_wconf 71' lang='lat' dir='ltr'>cognoscente</span> <span class='ocrx_word' id='word_1_111' title='bbox 575 1384 751 1468; x_wconf 82' lang='lat' dir='ltr'>obtineret3</span> <span class='ocrx_word' id='word_1_112' title='bbox 768 1387 937 1469; x_wconf 89' lang='lat' dir='ltr'>praeterea</span> <span class='ocrx_word' id='word_1_113' title='bbox 951 1403 1067 1468; x_wconf 79' lang='lat' dir='ltr'>greges</span> <span class='ocrx_word' id='word_1_114' title='bbox 1085 1382 1176 1447; x_wconf 87' lang='lat' dir='ltr'>nobi·</span> 
     </span>
     <span class='ocr_line' id='line_1_15' title="bbox 167 1471 1176 1557; baseline -0.001 -22"><span class='ocrx_word' id='word_1_115' title='bbox 167 1471 366 1536; x_wconf 90' lang='lat' dir='ltr'>lissimorum</span> <span class='ocrx_word' id='word_1_116' title='bbox 394 1493 550 1555; x_wconf 87' lang='lat' dir='ltr'>equorum</span> <span class='ocrx_word' id='word_1_117' title='bbox 578 1471 724 1556; x_wconf 84' lang='lat' dir='ltr'>abactas,</span> <span class='ocrx_word' id='word_1_118' title='bbox 751 1471 880 1557; x_wconf 87' lang='lat' dir='ltr'>argenti</span> <span class='ocrx_word' id='word_1_119' title='bbox 903 1471 1068 1554; x_wconf 81' lang='lat' dir='ltr'>vestisque</span> <span class='ocrx_word' id='word_1_120' title='bbox 1091 1473 1176 1534; x_wconf 85' lang='lat' dir='ltr'>stra-</span> 
     </span>
     <span class='ocr_line' id='line_1_16' title="bbox 191 1555 1218 1645; baseline -0.001 -21"><span class='ocrx_word' id='word_1_121' title='bbox 191 1559 265 1624; x_wconf 92' lang='lat' dir='ltr'>ulae</span> <span class='ocrx_word' id='word_1_122' title='bbox 284 1559 372 1624; x_wconf 92' lang='lat' dir='ltr'>domi</span> <span class='ocrx_word' id='word_1_123' title='bbox 390 1561 476 1644; x_wconf 90' lang='lat' dir='ltr'>quod</span> <span class='ocrx_word' id='word_1_124' title='bbox 493 1560 601 1642; x_wconf 87' lang='lat' dir='ltr'>fuerit,</span> <span class='ocrx_word' id='word_1_125' title='bbox 622 1581 693 1625; x_wconf 87' lang='lat' dir='ltr'>esse</span> <span class='ocrx_word' id='word_1_126' title='bbox 711 1559 886 1645; x_wconf 81' lang='lat' dir='ltr'>direptum3</span> <span class='ocrx_word' id='word_1_127' title='bbox 907 1559 956 1624; x_wconf 90' lang='lat' dir='ltr'>ita</span> <span class='ocrx_word' id='word_1_128' title='bbox 974 1555 1029 1624; x_wconf 83' lang='lat' dir='ltr'>Hs</span> <span class='ocrx_word' id='word_1_129' title='bbox 1048 1558 1175 1624; x_wconf 88' lang='lat' dir='ltr'>deciens</span> <span class='ocrx_word' id='word_1_130' title='bbox 1192 1576 1218 1617; x_wconf 81' lang='lat'>1⁵</span> 
     </span>
     <span class='ocr_line' id='line_1_17' title="bbox 169 1580 1176 1733; baseline 0 -21"><span class='ocrx_word' id='word_1_131' title='bbox 169 1580 205 1724; x_wconf 54' lang='grc' dir='ltr'>ὃ.</span> <span class='ocrx_word' id='word_1_132' title='bbox 223 1646 376 1732; x_wconf 87' lang='lat' dir='ltr'>Dionem,</span> <span class='ocrx_word' id='word_1_133' title='bbox 402 1648 488 1733; x_wconf 91' lang='lat' dir='ltr'>quod</span> <span class='ocrx_word' id='word_1_134' title='bbox 510 1648 674 1715; x_wconf 88' lang='lat' dir='ltr'>hereditas</span> <span class='ocrx_word' id='word_1_135' title='bbox 697 1649 727 1713; x_wconf 92' lang='lat' dir='ltr'>ei</span> <span class='ocrx_word' id='word_1_136' title='bbox 749 1648 906 1731; x_wconf 85' lang='lat' dir='ltr'>venisset,</span> <span class='ocrx_word' id='word_1_137' title='bbox 927 1647 1053 1712; x_wconf 88' lang='lat' dir='ltr'>nullam</span> <span class='ocrx_word' id='word_1_138' title='bbox 1075 1647 1176 1712; x_wconf 90' lang='lat' dir='ltr'>aliam</span> 
     </span>
     <span class='ocr_line' id='line_1_18' title="bbox 114 1735 1177 1821; baseline 0.001 -22"><span class='ocrx_word' id='word_1_139' title='bbox 114 1748 147 1799; x_wconf 77' lang='lat' dir='ltr'>al</span> <span class='ocrx_word' id='word_1_140' title='bbox 168 1736 210 1801; x_wconf 93' lang='lat' dir='ltr'>ob</span> <span class='ocrx_word' id='word_1_141' title='bbox 229 1758 361 1802; x_wconf 90' lang='lat' dir='ltr'>causam</span> <span class='ocrx_word' id='word_1_142' title='bbox 379 1736 564 1820; x_wconf 88' lang='lat' dir='ltr'>perdidisse.</span> <span class='ocrx_word' id='word_1_143' title='bbox 597 1737 703 1813; x_wconf 80' lang='lat' dir='ltr'>Quid?</span> <span class='ocrx_word' id='word_1_144' title='bbox 725 1737 806 1802; x_wconf 87' lang='lat' dir='ltr'>haec</span> <span class='ocrx_word' id='word_1_145' title='bbox 822 1735 984 1802; x_wconf 88' lang='lat' dir='ltr'>hereditas</span> <span class='ocrx_word' id='word_1_146' title='bbox 1003 1757 1075 1820; x_wconf 92' lang='lat' dir='ltr'>quo·</span> <span class='ocrx_word' id='word_1_147' title='bbox 1085 1757 1177 1821; x_wconf 81' lang='lat' dir='ltr'>prae-</span> 
     </span>
     <span class='ocr_line' id='line_1_19' title="bbox 167 1823 1281 1910; baseline 0.001 -22"><span class='ocrx_word' id='word_1_148' title='bbox 167 1829 238 1890; x_wconf 89' lang='lat' dir='ltr'>tore</span> <span class='ocrx_word' id='word_1_149' title='bbox 266 1823 382 1890; x_wconf 89' lang='lat' dir='ltr'>Dionis</span> <span class='ocrx_word' id='word_1_150' title='bbox 409 1825 479 1892; x_wconf 91' lang='lat' dir='ltr'>filio</span> <span class='ocrx_word' id='word_1_151' title='bbox 507 1825 662 1890; x_wconf 80' lang='lat' dir='ltr'>uenerat?</span> <span class='ocrx_word' id='word_1_152' title='bbox 706 1824 844 1908; x_wconf 86' lang='lat' dir='ltr'>Eodem,</span> <span class='ocrx_word' id='word_1_153' title='bbox 877 1846 940 1908; x_wconf 92' lang='lat' dir='ltr'>quo</span> <span class='ocrx_word' id='word_1_154' title='bbox 967 1823 1108 1909; x_wconf 87' lang='lat' dir='ltr'>Anniae,</span> <span class='ocrx_word' id='word_1_155' title='bbox 1139 1823 1176 1890; x_wconf 93' lang='lat' dir='ltr'>P.</span> <span class='ocrx_word' id='word_1_156' title='bbox 1280 1893 1281 1910; x_wconf 14' lang='grc' dir='ltr'><strong>ξ</strong></span> 
     </span>
     <span class='ocr_line' id='line_1_20' title="bbox 144 1912 1281 1998; baseline -0.001 -20"><span class='ocrx_word' id='word_1_157' title='bbox 144 1912 257 1978; x_wconf 89' lang='lat' dir='ltr'>·Anni</span> <span class='ocrx_word' id='word_1_158' title='bbox 280 1914 438 1979; x_wconf 89' lang='lat' dir='ltr'>senatoris</span> <span class='ocrx_word' id='word_1_159' title='bbox 461 1913 562 1998; x_wconf 91' lang='lat' dir='ltr'>filiae,</span> <span class='ocrx_word' id='word_1_160' title='bbox 590 1914 715 1998; x_wconf 91' lang='lat' dir='ltr'>eodem,</span> <span class='ocrx_word' id='word_1_161' title='bbox 739 1934 802 1997; x_wconf 89' lang='lat' dir='ltr'>quo</span> <span class='ocrx_word' id='word_1_162' title='bbox 825 1912 868 1977; x_wconf 92' lang='lat' dir='ltr'>M.</span> <span class='ocrx_word' id='word_1_163' title='bbox 886 1912 1000 1998; x_wconf 88' lang='lat' dir='ltr'>Liguri</span> <span class='ocrx_word' id='word_1_164' title='bbox 1023 1913 1176 1998; x_wconf 87' lang='lat' dir='ltr'>senatori,</span> <span class='ocrx_word' id='word_1_165' title='bbox 1280 1925 1281 1960; x_wconf 53' lang='lat' dir='ltr'>l</span> 
     </span>
     <span class='ocr_line' id='line_1_21' title="bbox 168 1998 1281 2078; baseline -0.006 -11"><span class='ocrx_word' id='word_1_166' title='bbox 168 1999 202 2067; x_wconf 79' lang='lat' dir='ltr'>O.</span> <span class='ocrx_word' id='word_1_167' title='bbox 221 2000 402 2068; x_wconf 83' lang='lat' dir='ltr'>Sacerdote.</span> <span class='ocrx_word' id='word_1_168' title='bbox 443 2002 549 2078; x_wconf 83' lang='lat' dir='ltr'>Quid?</span> <span class='ocrx_word' id='word_1_169' title='bbox 580 2006 652 2067; x_wconf 92' lang='lat' dir='ltr'>tum</span> <span class='ocrx_word' id='word_1_170' title='bbox 678 2023 774 2067; x_wconf 91' lang='lat' dir='ltr'>nemo</span> <span class='ocrx_word' id='word_1_171' title='bbox 801 2002 959 2066; x_wconf 89' lang='lat' dir='ltr'>molestus</span> <span class='ocrx_word' id='word_1_172' title='bbox 981 1998 1080 2066; x_wconf 90' lang='lat' dir='ltr'>Dioni</span> <span class='ocrx_word' id='word_1_173' title='bbox 1105 2000 1175 2066; x_wconf 89' lang='lat' dir='ltr'>fue-</span> <span class='ocrx_word' id='word_1_174' title='bbox 1191 2019 1219 2060; x_wconf 81' lang='lat' dir='ltr'>ao</span> <span class='ocrx_word' id='word_1_175' title='bbox 1280 2011 1281 2030; x_wconf 66' lang='lat'>¹</span> 
     </span>
     <span class='ocr_line' id='line_1_22' title="bbox 167 2087 1181 2176; baseline 0.001 -22"><span class='ocrx_word' id='word_1_176' title='bbox 167 2091 242 2155; x_wconf 78' lang='lat' dir='ltr'>rat?</span> <span class='ocrx_word' id='word_1_177' title='bbox 273 2089 350 2156; x_wconf 90' lang='lat' dir='ltr'>Non</span> <span class='ocrx_word' id='word_1_178' title='bbox 362 2090 437 2175; x_wconf 90' lang='lat' dir='ltr'>plus</span> <span class='ocrx_word' id='word_1_179' title='bbox 452 2112 549 2174; x_wconf 91' lang='lat' dir='ltr'>quam</span> <span class='ocrx_word' id='word_1_180' title='bbox 562 2089 677 2176; x_wconf 87' lang='lat' dir='ltr'>Liguri</span> <span class='ocrx_word' id='word_1_181' title='bbox 690 2087 862 2155; x_wconf 78' lang='lat' dir='ltr'>Sacerdote</span> <span class='ocrx_word' id='word_1_182' title='bbox 878 2093 1037 2174; x_wconf 86' lang='lat' dir='ltr'>praetore.</span> <span class='ocrx_word' id='word_1_183' title='bbox 1069 2089 1181 2166; x_wconf 71' lang='lat' dir='ltr'>Quies.</span> 
     </span>
     <span class='ocr_line' id='line_1_23' title="bbox 168 2177 1176 2263; baseline -0.001 -19"><span class='ocrx_word' id='word_1_184' title='bbox 168 2179 209 2244; x_wconf 93' lang='lat' dir='ltr'>ad</span> <span class='ocrx_word' id='word_1_185' title='bbox 221 2178 359 2244; x_wconf 86' lang='lat' dir='ltr'>Verrem</span> <span class='ocrx_word' id='word_1_186' title='bbox 377 2179 450 2263; x_wconf 89' lang='lat' dir='ltr'>quis</span> <span class='ocrx_word' id='word_1_187' title='bbox 469 2179 608 2244; x_wconf 79' lang='lat' dir='ltr'>detulit?</span> <span class='ocrx_word' id='word_1_188' title='bbox 640 2177 758 2262; x_wconf 82' lang='lat' dir='ltr'>Nem03</span> <span class='ocrx_word' id='word_1_189' title='bbox 778 2177 843 2242; x_wconf 89' lang='lat' dir='ltr'>nisi</span> <span class='ocrx_word' id='word_1_190' title='bbox 859 2177 946 2242; x_wconf 87' lang='lat' dir='ltr'>forte</span> <span class='ocrx_word' id='word_1_191' title='bbox 968 2177 1176 2244; x_wconf 76' lang='lat' dir='ltr'>existumetis</span> 
     </span>
     <span class='ocr_line' id='line_1_24' title="bbox 129 2265 1177 2352; baseline -0.008 -14"><span class='ocrx_word' id='word_1_192' title='bbox 129 2272 149 2338; x_wconf 88' lang='lat'>8</span> <span class='ocrx_word' id='word_1_193' title='bbox 169 2267 199 2332; x_wconf 89' lang='lat' dir='ltr'>ei</span> <span class='ocrx_word' id='word_1_194' title='bbox 213 2267 481 2352; x_wconf 87' lang='lat' dir='ltr'>quadruplatores</span> <span class='ocrx_word' id='word_1_195' title='bbox 500 2269 541 2332; x_wconf 91' lang='lat' dir='ltr'>ad</span> <span class='ocrx_word' id='word_1_196' title='bbox 558 2267 680 2332; x_wconf 89' lang='lat' dir='ltr'>fretum</span> <span class='ocrx_word' id='word_1_197' title='bbox 697 2270 827 2352; x_wconf 85' lang='lat' dir='ltr'>praesto</span> <span class='ocrx_word' id='word_1_198' title='bbox 845 2265 955 2331; x_wconf 86' lang='lat' dir='ltr'>fuisse.</span> <span class='ocrx_word' id='word_1_199' title='bbox 990 2265 1043 2330; x_wconf 86' lang='lat' dir='ltr'>Ad</span> <span class='ocrx_word' id='word_1_200' title='bbox 1060 2266 1177 2330; x_wconf 90' lang='lat' dir='ltr'>urbem</span> 
     </span>
     <span class='ocr_line' id='line_1_25' title="bbox 168 2353 1177 2439; baseline -0.001 -19"><span class='ocrx_word' id='word_1_201' title='bbox 168 2378 241 2420; x_wconf 91' lang='lat' dir='ltr'>cum</span> <span class='ocrx_word' id='word_1_202' title='bbox 269 2359 368 2438; x_wconf 87' lang='lat' dir='ltr'>esset,</span> <span class='ocrx_word' id='word_1_203' title='bbox 396 2356 520 2421; x_wconf 84' lang='lat' dir='ltr'>audivit</span> <span class='ocrx_word' id='word_1_204' title='bbox 546 2355 646 2421; x_wconf 90' lang='lat' dir='ltr'>Dioni</span> <span class='ocrx_word' id='word_1_205' title='bbox 672 2355 800 2420; x_wconf 90' lang='lat' dir='ltr'>cuidam</span> <span class='ocrx_word' id='word_1_206' title='bbox 827 2353 935 2421; x_wconf 86' lang='lat' dir='ltr'>Siculo</span> <span class='ocrx_word' id='word_1_207' title='bbox 962 2375 1177 2439; x_wconf 83' lang='lat' dir='ltr'>permagnam</span> 
     </span>
     <span class='ocr_line' id='line_1_26' title="bbox 167 2443 1218 2529; baseline -0.001 -22"><span class='ocrx_word' id='word_1_208' title='bbox 167 2443 294 2508; x_wconf 84' lang='lat' dir='ltr'>venisse</span> <span class='ocrx_word' id='word_1_209' title='bbox 321 2443 549 2529; x_wconf 84' lang='lat' dir='ltr'>hereditatem3</span> <span class='ocrx_word' id='word_1_210' title='bbox 576 2444 728 2509; x_wconf 90' lang='lat' dir='ltr'>heredem</span> <span class='ocrx_word' id='word_1_211' title='bbox 750 2446 876 2507; x_wconf 87' lang='lat' dir='ltr'>statuas</span> <span class='ocrx_word' id='word_1_212' title='bbox 899 2443 1023 2508; x_wconf 87' lang='lat' dir='ltr'>iussum</span> <span class='ocrx_word' id='word_1_213' title='bbox 1046 2463 1116 2507; x_wconf 87' lang='lat' dir='ltr'>esse</span> <span class='ocrx_word' id='word_1_214' title='bbox 1139 2443 1176 2506; x_wconf 91' lang='lat' dir='ltr'>in</span> <span class='ocrx_word' id='word_1_215' title='bbox 1191 2459 1218 2500; x_wconf 80' lang='lat'>2⁵</span> 
     </span>
     <span class='ocr_line' id='line_1_27' title="bbox 166 2530 1281 2618; baseline -0.001 -23"><span class='ocrx_word' id='word_1_216' title='bbox 166 2531 239 2597; x_wconf 85' lang='lat' dir='ltr'>foro</span> <span class='ocrx_word' id='word_1_217' title='bbox 257 2553 392 2616; x_wconf 69' lang='lat' dir='ltr'>ponere,</span> <span class='ocrx_word' id='word_1_218' title='bbox 413 2533 478 2597; x_wconf 89' lang='lat' dir='ltr'>nisi</span> <span class='ocrx_word' id='word_1_219' title='bbox 495 2532 667 2618; x_wconf 88' lang='lat' dir='ltr'>posuisset,</span> <span class='ocrx_word' id='word_1_220' title='bbox 688 2530 809 2596; x_wconf 87' lang='lat' dir='ltr'>Veneri</span> <span class='ocrx_word' id='word_1_221' title='bbox 826 2530 985 2614; x_wconf 83' lang='lat' dir='ltr'>Erycinae</span> <span class='ocrx_word' id='word_1_222' title='bbox 1004 2551 1075 2596; x_wconf 87' lang='lat' dir='ltr'>esse</span> <span class='ocrx_word' id='word_1_223' title='bbox 1092 2531 1177 2595; x_wconf 91' lang='lat' dir='ltr'>mul·</span> <span class='ocrx_word' id='word_1_224' title='bbox 1280 2555 1281 2614; x_wconf 65' lang='lat' dir='ltr'>y</span> 
     </span>
     <span class='ocr_line' id='line_1_28' title="bbox 167 2618 1177 2706; baseline 0 -23"><span class='ocrx_word' id='word_1_225' title='bbox 167 2622 282 2684; x_wconf 91' lang='lat' dir='ltr'>tatum.</span> <span class='ocrx_word' id='word_1_226' title='bbox 314 2621 460 2686; x_wconf 83' lang='lat' dir='ltr'>Tametsi</span> <span class='ocrx_word' id='word_1_227' title='bbox 476 2621 604 2706; x_wconf 87' lang='lat' dir='ltr'>positae</span> <span class='ocrx_word' id='word_1_228' title='bbox 623 2623 732 2685; x_wconf 88' lang='lat' dir='ltr'>essent</span> <span class='ocrx_word' id='word_1_229' title='bbox 750 2641 789 2684; x_wconf 87' lang='lat' dir='ltr'>ex</span> <span class='ocrx_word' id='word_1_230' title='bbox 807 2622 1013 2703; x_wconf 89' lang='lat' dir='ltr'>testamento,</span> <span class='ocrx_word' id='word_1_231' title='bbox 1035 2618 1177 2704; x_wconf 89' lang='lat' dir='ltr'>putabat</span> 
     </span>
     <span class='ocr_line' id='line_1_29' title="bbox 167 2705 1281 2794; baseline -0.007 -22"><span class='ocrx_word' id='word_1_232' title='bbox 167 2713 286 2794; x_wconf 88' lang='lat' dir='ltr'>tamen,</span> <span class='ocrx_word' id='word_1_233' title='bbox 310 2711 463 2792; x_wconf 86' lang='lat' dir='ltr'>quoniam</span> <span class='ocrx_word' id='word_1_234' title='bbox 482 2707 618 2774; x_wconf 88' lang='lat' dir='ltr'>Veneris</span> <span class='ocrx_word' id='word_1_235' title='bbox 641 2729 760 2773; x_wconf 88' lang='lat' dir='ltr'>nomen</span> <span class='ocrx_word' id='word_1_236' title='bbox 783 2712 878 2792; x_wconf 90' lang='lat' dir='ltr'>esset,</span> <span class='ocrx_word' id='word_1_237' title='bbox 900 2728 1031 2772; x_wconf 89' lang='lat' dir='ltr'>causam</span> <span class='ocrx_word' id='word_1_238' title='bbox 1054 2707 1176 2774; x_wconf 82' lang='lat' dir='ltr'>calum·</span> <span class='ocrx_word' id='word_1_239' title='bbox 1280 2705 1281 2764; x_wconf 86' lang='lat' dir='ltr'>l</span> 
     </span>
     <span class='ocr_line' id='line_1_30' title="bbox 114 2795 1177 2882; baseline 0 -24"><span class='ocrx_word' id='word_1_240' title='bbox 114 2808 147 2858; x_wconf 78' lang='lat'>22</span> <span class='ocrx_word' id='word_1_241' title='bbox 166 2797 240 2862; x_wconf 91' lang='lat' dir='ltr'>niae</span> <span class='ocrx_word' id='word_1_242' title='bbox 260 2817 293 2860; x_wconf 91' lang='lat' dir='ltr'>se</span> <span class='ocrx_word' id='word_1_243' title='bbox 316 2801 529 2882; x_wconf 86' lang='lat' dir='ltr'>reperturum.</span> <span class='ocrx_word' id='word_1_244' title='bbox 564 2795 680 2880; x_wconf 90' lang='lat' dir='ltr'>Itaque</span> <span class='ocrx_word' id='word_1_245' title='bbox 703 2798 847 2882; x_wconf 88' lang='lat' dir='ltr'>apponit,</span> <span class='ocrx_word' id='word_1_246' title='bbox 871 2795 927 2880; x_wconf 91' lang='lat' dir='ltr'>qui</span> <span class='ocrx_word' id='word_1_247' title='bbox 948 2798 1040 2881; x_wconf 86' lang='lat' dir='ltr'>petat</span> <span class='ocrx_word' id='word_1_248' title='bbox 1054 2795 1177 2860; x_wconf 88' lang='lat' dir='ltr'>Veneri</span> 
     </span>
     <span class='ocr_line' id='line_1_31' title="bbox 166 2875 1281 2969; baseline -0.002 -19"><span class='ocrx_word' id='word_1_249' title='bbox 166 2885 326 2969; x_wconf 81' lang='lat' dir='ltr'>Erycinae</span> <span class='ocrx_word' id='word_1_250' title='bbox 344 2885 437 2950; x_wconf 90' lang='lat' dir='ltr'>illam</span> <span class='ocrx_word' id='word_1_251' title='bbox 454 2884 678 2949; x_wconf 87' lang='lat' dir='ltr'>hereditatem.</span> <span class='ocrx_word' id='word_1_252' title='bbox 710 2883 787 2950; x_wconf 89' lang='lat' dir='ltr'>Non</span> <span class='ocrx_word' id='word_1_253' title='bbox 805 2885 891 2950; x_wconf 88' lang='lat' dir='ltr'>enim</span> <span class='ocrx_word' id='word_1_254' title='bbox 909 2886 1063 2968; x_wconf 88' lang='lat' dir='ltr'>quaestor</span> <span class='ocrx_word' id='word_1_255' title='bbox 1079 2883 1176 2968; x_wconf 90' lang='lat' dir='ltr'>petit,</span> <span class='ocrx_word' id='word_1_256' title='bbox 1191 2900 1219 2940; x_wconf 76' lang='lat'>³⁰</span> <span class='ocrx_word' id='word_1_257' title='bbox 1280 2875 1281 2940; x_wconf 68' lang='lat' dir='ltr'>i</span> 
     </span>
     <span class='ocr_line' id='line_1_32' title="bbox 166 2971 1281 3058; baseline -0.004 -19"><span class='ocrx_word' id='word_1_258' title='bbox 166 2977 203 3039; x_wconf 90' lang='lat' dir='ltr'>ut</span> <span class='ocrx_word' id='word_1_259' title='bbox 222 2977 273 3039; x_wconf 90' lang='lat' dir='ltr'>est</span> <span class='ocrx_word' id='word_1_260' title='bbox 296 2972 503 3056; x_wconf 87' lang='lat' dir='ltr'>consuetudo,</span> <span class='ocrx_word' id='word_1_261' title='bbox 524 2973 562 3057; x_wconf 92' lang='lat' dir='ltr'>is,</span> <span class='ocrx_word' id='word_1_262' title='bbox 586 2974 642 3058; x_wconf 90' lang='lat' dir='ltr'>qui</span> <span class='ocrx_word' id='word_1_263' title='bbox 663 2973 805 3058; x_wconf 80' lang='lat' dir='ltr'>Erycum</span> <span class='ocrx_word' id='word_1_264' title='bbox 827 2977 972 3038; x_wconf 89' lang='lat' dir='ltr'>montem</span> <span class='ocrx_word' id='word_1_265' title='bbox 995 2971 1177 3056; x_wconf 86' lang='lat' dir='ltr'>obtinebat,</span> <span class='ocrx_word' id='word_1_266' title='bbox 1280 2995 1281 3056; x_wconf 68' lang='lat'>3</span> 
     </span>
     <span class='ocr_line' id='line_1_33' title="bbox 166 3059 1177 3147; baseline -0.001 -21"><span class='ocrx_word' id='word_1_267' title='bbox 166 3062 251 3147; x_wconf 91' lang='lat' dir='ltr'>petit</span> <span class='ocrx_word' id='word_1_268' title='bbox 268 3061 411 3126; x_wconf 86' lang='lat' dir='ltr'>Naevius</span> <span class='ocrx_word' id='word_1_269' title='bbox 431 3059 553 3145; x_wconf 83' lang='lat' dir='ltr'>Turpio</span> <span class='ocrx_word' id='word_1_270' title='bbox 574 3062 715 3147; x_wconf 90' lang='lat' dir='ltr'>quidam,</span> <span class='ocrx_word' id='word_1_271' title='bbox 736 3061 832 3126; x_wconf 86' lang='lat' dir='ltr'>istius</span> <span class='ocrx_word' id='word_1_272' title='bbox 851 3083 1002 3126; x_wconf 84' lang='lat' dir='ltr'>excursor</span> <span class='ocrx_word' id='word_1_273' title='bbox 1025 3064 1058 3125; x_wconf 90' lang='lat' dir='ltr'>et</span> <span class='ocrx_word' id='word_1_274' title='bbox 1081 3061 1177 3126; x_wconf 92' lang='lat' dir='ltr'>emis·</span> 
     </span>
     <span class='ocr_line' id='line_1_34' title="bbox 167 3148 1281 3234; baseline -0.006 -19"><span class='ocrx_word' id='word_1_275' title='bbox 167 3151 280 3233; x_wconf 85' lang='lat' dir='ltr'>sarius,</span> <span class='ocrx_word' id='word_1_276' title='bbox 298 3150 397 3215; x_wconf 91' lang='lat' dir='ltr'>homo</span> <span class='ocrx_word' id='word_1_277' title='bbox 412 3149 556 3214; x_wconf 86' lang='lat' dir='ltr'>omniurn</span> <span class='ocrx_word' id='word_1_278' title='bbox 571 3171 610 3214; x_wconf 87' lang='lat' dir='ltr'>ex</span> <span class='ocrx_word' id='word_1_279' title='bbox 625 3150 685 3215; x_wconf 92' lang='lat' dir='ltr'>illo</span> <span class='ocrx_word' id='word_1_280' title='bbox 704 3153 865 3215; x_wconf 86' lang='lat' dir='ltr'>conuentu</span> <span class='ocrx_word' id='word_1_281' title='bbox 883 3148 1177 3234; x_wconf 89' lang='lat' dir='ltr'>quadruplatorum</span> <span class='ocrx_word' id='word_1_282' title='bbox 1280 3205 1281 3208; x_wconf 74' lang='grc'>,</span> 
     </span>
     <span class='ocr_line' id='line_1_35' title="bbox 156 3234 1177 3324; baseline -0.001 -21"><span class='ocrx_word' id='word_1_283' title='bbox 156 3239 368 3321; x_wconf 89' lang='lat' dir='ltr'>deterrimus,</span> <span class='ocrx_word' id='word_1_284' title='bbox 387 3235 421 3303; x_wconf 79' lang='grc' dir='ltr'>Ο.</span> <span class='ocrx_word' id='word_1_285' title='bbox 437 3234 609 3305; x_wconf 83' lang='lat' dir='ltr'>Sacerdote</span> <span class='ocrx_word' id='word_1_286' title='bbox 622 3242 774 3324; x_wconf 89' lang='lat' dir='ltr'>praetore</span> <span class='ocrx_word' id='word_1_287' title='bbox 792 3239 1024 3303; x_wconf 87' lang='lat' dir='ltr'>condemnatus</span> <span class='ocrx_word' id='word_1_288' title='bbox 1042 3236 1177 3302; x_wconf 88' lang='lat' dir='ltr'>iniuria-</span> 
     </span>
     <span class='ocr_line' id='line_1_36' title="bbox 165 3325 1281 3411; baseline -0.004 -22"><span class='ocrx_word' id='word_1_289' title='bbox 165 3349 247 3390; x_wconf 85' lang='lat' dir='ltr'>rum.</span> <span class='ocrx_word' id='word_1_290' title='bbox 287 3325 418 3390; x_wconf 90' lang='lat' dir='ltr'>Etenim</span> <span class='ocrx_word' id='word_1_291' title='bbox 447 3330 517 3390; x_wconf 89' lang='lat' dir='ltr'>erat</span> <span class='ocrx_word' id='word_1_292' title='bbox 540 3325 720 3391; x_wconf 83' lang='lat' dir='ltr'>eiusmodi</span> <span class='ocrx_word' id='word_1_293' title='bbox 743 3348 853 3411; x_wconf 88' lang='lat' dir='ltr'>causa,</span> <span class='ocrx_word' id='word_1_294' title='bbox 880 3330 918 3390; x_wconf 90' lang='lat' dir='ltr'>ut</span> <span class='ocrx_word' id='word_1_295' title='bbox 939 3327 1010 3411; x_wconf 85' lang='lat' dir='ltr'>ipse</span> <span class='ocrx_word' id='word_1_296' title='bbox 1031 3329 1178 3411; x_wconf 88' lang='lat' dir='ltr'>praetor,</span> <span class='ocrx_word' id='word_1_297' title='bbox 1192 3341 1221 3385; x_wconf 80' lang='lat' dir='ltr'>aa</span> <span class='ocrx_word' id='word_1_298' title='bbox 1280 3405 1281 3410; x_wconf 5' lang='grc' dir='ltr'>ἵ</span> 
     </span>
     <span class='ocr_line' id='line_1_37' title="bbox 165 3414 1177 3500; baseline 0.007 -24"><span class='ocrx_word' id='word_1_299' title='bbox 165 3435 238 3477; x_wconf 90' lang='lat' dir='ltr'>cum</span> <span class='ocrx_word' id='word_1_300' title='bbox 258 3418 426 3496; x_wconf 86' lang='lat' dir='ltr'>quaereret</span> <span class='ocrx_word' id='word_1_301' title='bbox 445 3414 722 3498; x_wconf 87' lang='lat' dir='ltr'>calumniatorem,</span> <span class='ocrx_word' id='word_1_302' title='bbox 745 3416 842 3500; x_wconf 90' lang='lat' dir='ltr'>paulo</span> <span class='ocrx_word' id='word_1_303' title='bbox 862 3418 973 3480; x_wconf 87' lang='lat' dir='ltr'>tamen</span> <span class='ocrx_word' id='word_1_304' title='bbox 993 3414 1177 3481; x_wconf 90' lang='lat' dir='ltr'>considera·</span> 
     </span>
     <span class='ocr_line' id='line_1_38' title="bbox 164 3501 1178 3587; baseline 0.004 -25"><span class='ocrx_word' id='word_1_305' title='bbox 164 3501 281 3564; x_wconf 90' lang='lat' dir='ltr'>tiorem</span> <span class='ocrx_word' id='word_1_306' title='bbox 300 3501 442 3586; x_wconf 87' lang='lat' dir='ltr'>reperire</span> <span class='ocrx_word' id='word_1_307' title='bbox 463 3522 530 3566; x_wconf 89' lang='lat' dir='ltr'>non</span> <span class='ocrx_word' id='word_1_308' title='bbox 551 3505 672 3586; x_wconf 84' lang='lat' dir='ltr'>posset.</span> <span class='ocrx_word' id='word_1_309' title='bbox 712 3502 853 3587; x_wconf 81' lang='lat' dir='ltr'>†Hunc</span> <span class='ocrx_word' id='word_1_310' title='bbox 875 3503 1040 3568; x_wconf 89' lang='lat' dir='ltr'>hominem</span> <span class='ocrx_word' id='word_1_311' title='bbox 1053 3502 1178 3568; x_wconf 88' lang='lat' dir='ltr'>Veneri</span> 
     </span>
    </p>
   </div>
   <div class='ocr_carea' id='block_1_3' title="bbox 0 0 1292 3882">
    <p class='ocr_par' dir='ltr' id='par_1_3' title="bbox 0 0 1292 3882">
     <span class='ocr_line' id='line_1_39' title="bbox 0 0 1292 3882; baseline 0 2"><span class='ocrx_word' id='word_1_312' title='bbox 0 0 1292 3882; x_wconf 95' lang='lat' dir='ltr'> </span> 
     </span>
    </p>
   </div>
  </div>
 </body>
</html>
