2600 3878
174 191 241 256 310
476 187 516 242 m*
534 185 563 242 C.
577 185 732 240 VERRE!
749 185 830 242 AUl'.
849 184 884 241 n

173 335 405 402 Menaenorum
441 355 515 399 eum
542 331 684 396 Venerio
719 353 823 396 seno.
876 330 1073 418 Cognoscite
1103 331 1182 396 item

174 421 392 508 professiones
441 421 605 486 sationum
650 425 684 484 et
727 420 895 507 pactiones
942 419 1182 485 Menaenorum.

173 509 361 596 Patiemini,
396 509 531 594 iudices,
567 532 587 574 a
623 509 733 590 sociis,
769 509 811 574 ab
848 509 1032 574 aratoribus
1068 509 1182 592 populi

174 599 330 682 Romani,
369 599 412 664 ab
453 598 514 682 eis,
554 598 610 682 qui
649 597 743 662 robis
781 597 949 682 laborant,
986 596 1081 662 robis
1120 617 1183 661 ser-

173 689 281 770 aiunt,
308 687 364 772 qui
390 688 439 752 ita
464 687 593 772 plebem
615 685 798 751 Romanam
825 686 867 750 ab
895 707 966 751 sese
990 685 1036 750 ali
1057 685 1205 768 volunta
1271 695 1272 700 ’

175 781 213 842 ut
239 777 303 841 sibi
330 798 368 842 ao
394 776 507 840 liberis
534 775 602 840 suis
629 778 759 839 tantum
781 775 937 859 supersit,
964 795 1027 858 quo
1050 774 1117 858 ipsi
1138 773 1183 838 ali

175 864 316 950 possint,
344 864 386 930 ab
408 864 461 928 his
483 885 542 950 per
565 885 725 928 summam
747 863 913 947 iniuriam,
935 884 993 948 per
1015 862 1182 927 acerbissi-

175 975 246 1019 mas
274 953 487 1019 contumelias
512 952 586 1036 plus
610 952 778 1036 aliquanto
802 951 949 1016 ablatum
972 970 1057 1035 esse,
1085 972 1183 1034 quam
1272 960 1273 1038 l

175 1045 289 1107 natum
313 1042 379 1106 sit?
1272 1043 1273 1102 l

124 1145 175 1195 roa
243 1129 364 1213 Sentio,
381 1129 512 1212 iudices,
530 1128 763 1194 moderandum
776 1128 844 1193 iam
857 1128 939 1193 mibi
952 1148 1023 1192 esse
1041 1127 1184 1192 orationi
1196 1146 1217 1185 1⁰

176 1241 266 1284 meae
279 1217 531 1303 fugiendamque
544 1220 688 1281 vestram
703 1217 897 1282 satietatem
934 1214 1011 1281 Non
1027 1216 1185 1280 versabor

175 1308 210 1372 in
236 1327 301 1370 uno
329 1326 445 1390 genere
474 1304 594 1369 diutius
622 1307 655 1369 et
679 1305 728 1369 ita
749 1307 856 1370 uetera
879 1305 918 1370 de
940 1304 1088 1369 oratione
1112 1325 1184 1369 mea

174 1394 302 1478 tollam,
323 1397 361 1457 ut
382 1393 418 1457 in
439 1414 537 1458 eausa
559 1397 670 1457 tamen
691 1393 881 1477 relinquam.
921 1392 1071 1458 Audietis
1088 1390 1185 1477 Agri·

176 1481 393 1568 gentinorum,
409 1481 665 1546 fortissimorum
682 1481 836 1566 virorum,
858 1480 1184 1566 diligentissimorum
1273 1448 1274 1528 i

177 1572 352 1655 aratorum,
376 1569 602 1654 querimonias,
626 1569 828 1655 cognoscetis
850 1568 1102 1652 Entellinorum,
1127 1568 1184 1632 ho·
1197 1585 1217 1626 1⁵

175 1657 300 1724 minum
318 1658 438 1723 summi
455 1657 579 1722 laboris
598 1679 805 1742 summaeque
827 1657 1016 1741 industriae,
1038 1657 1184 1721 dolorem

176 1749 209 1812 ot
233 1745 383 1830 inimias,
409 1746 682 1828 Heracliensium,
710 1745 909 1831 Gelensium,
936 1743 1184 1811 Soluntinorum

176 1834 380 1901 incommoda
404 1834 622 1920 proferentur,
650 1831 886 1919 Catinensium,
913 1833 1184 1919 locupletissimo

176 1945 248 1988 rum
279 1923 449 1989 hominum
476 1922 821 2008 amicissimorumque,
854 1943 951 2008 agros
978 1925 1114 1987 vexatos
1143 1922 1183 1986 ab

176 2011 321 2095 Apronio
340 2011 552 2098 cognoscetis,
570 2010 834 2096 Tyndaritanam,
852 2010 1091 2076 nobilissimam
1110 2009 1185 2076 oiri·
1197 2027 1219 2067 20

175 2103 291 2184 tatem,
315 2097 638 2184 Cephaloeditanum,
659 2098 888 2183 Haluntinum,
906 2095 1184 2182 Apolloniensem,

174 2187 371 2274 Enguinam,
395 2185 580 2272 Capitinam
598 2188 743 2273 perditas
762 2209 832 2252 esse
852 2188 915 2252 hae
935 2187 1110 2271 iniquitate
1135 2187 1184 2251 de

176 2297 341 2342 eumarum
354 2275 563 2360 intellegetis,
577 2275 757 2360 Inensibus,
770 2275 997 2362 Murgentinis,
1006 2275 1185 2359 AssoriniS,

175 2361 356 2447 Helorinis,
388 2361 502 2428 Ietinis
534 2364 618 2430 nihil
650 2364 781 2430 omnino
807 2365 969 2448 relietum,
1002 2361 1184 2448 Cetarinos,

177 2449 358 2534 Seberinos,
376 2472 550 2535 parvarum
564 2452 734 2518 eivitatum
749 2452 908 2536 homines,
927 2451 1058 2518 omnino
1079 2453 1185 2517 abieo·
1198 2467 1221 2509 2⁵

176 2543 229 2606 tos
248 2559 318 2604 esse
338 2560 374 2604 ao
397 2538 551 2623 perditos,
574 2562 685 2622 omnes
709 2540 845 2625 denique
868 2561 964 2627 egros
988 2541 1185 2606 decumanos

175 2650 233 2712 per
260 2626 435 2692 triennium
462 2627 584 2711 populo
611 2628 758 2694 Romano
786 2650 825 2694 ex
852 2633 945 2715 parte
973 2628 1123 2714 deouma,
1151 2626 1185 2694 C.

175 2716 272 2782 Verri
299 2737 338 2780 ex
366 2714 454 2780 omni
481 2715 606 2800 reliquo
629 2716 801 2804 vectigalis
823 2717 936 2802 fuisse,
963 2721 997 2782 et
1019 2718 1185 2803 plerisque

176 2803 360 2871 aratoribus
374 2802 457 2868 nihil
477 2803 608 2870 omnino
628 2805 838 2891 superfuisse;
860 2807 889 2870 si
906 2805 958 2872 oui
976 2805 1055 2890 quid
1073 2811 1184 2872 autem

176 2897 233 2959 aut
268 2891 418 2957 relietum
455 2895 513 2958 aut
547 2893 719 2958 remissum
756 2894 812 2977 sit,
848 2894 882 2958 id
911 2894 1011 2959 fuisse
1044 2898 1184 2980 tantum,
1198 2909 1221 2950 ³0

176 2983 333 3132 queqtum
356 2999 395 3044 or
418 3000 469 3065 eo,
495 3001 559 3064 quo
581 2981 677 3046 istius
701 2981 839 3047 avaritia
862 2986 1014 3048 contenta
1035 2982 1114 3069 fuit,
1138 3005 1184 3048 re

176 3070 240 3134 dun
264 3068 336 3134 erit.

121 3125 175 3254 ide
242 3155 388 3222 Duarum
402 3157 483 3222 mihi
497 3157 667 3222 civitatum
685 3158 828 3243 reliquos
845 3158 909 3224 feei
927 3179 1034 3245 agros,
1053 3160 1184 3244 iudices,

175 3243 243 3309 fere
258 3243 399 3328 optimos
417 3267 453 3310 ae
470 3245 701 3329 nobilissimos,
716 3245 913 3311 Aetnensem
932 3251 965 3312 et
978 3246 1183 3313 Leontinum

174 3330 301 3396 Horum
320 3353 381 3418 ego
401 3354 555 3419 agrorum
577 3333 694 3398 missos
716 3333 835 3398 faciam
860 3339 1013 3418 quaestus
1037 3336 1183 3418 triennii,
1197 3349 1218 3391 ³⁵

175 3439 275 3483 unum
303 3441 422 3485 annum
450 3419 582 3504 eligam,
611 3441 674 3503 quo
701 3420 829 3486 facilius
856 3422 903 3506 id,
932 3423 1019 3507 quod
1046 3423 1184 3506 institui,

176 3506 336 3592 explicare
367 3506 499 3592 possim.
550 3504 683 3572 Sumam
710 3529 830 3572 annum
857 3510 1005 3595 tertium,
1038 3513 1127 3596 qnod
1154 3515 1185 3575 et
