2558 3884
337 211 404 267 ΗΒ.
423 213 463 268 111
495 211 573 268 cnr.
593 218 699 268 ar-aa
717 219 732 280 s
752 218 864 268 74-78.
1036 214 1096 278 301

1 354 5 392 ³
83 357 168 422 dinis
189 379 285 441 suae,
308 377 422 422 verum
445 356 544 422 etiam
568 355 786 421 administros.
827 355 974 422 Eandem
997 357 1102 441 istius,
1121 375 1153 423 77

1 441 4 520 l
86 445 141 530 qui
169 467 205 510 se
233 465 347 531 regem
371 443 552 510 Siculorum
576 466 647 509 esse
670 445 811 529 dicebat,
839 445 1004 510 licentiam
1027 445 1101 510 libi-

1 531 2 590 l
87 535 260 618 dinemque
283 533 384 598 fuisse
408 533 603 618 cognoscite.

154 621 367 687 Aeschrionis
385 619 579 706 Syracusani
597 643 679 686 uxor
697 625 748 686 est
764 620 856 707 Pipa,
875 623 965 687 cuius
983 644 1102 688 nomen

0 726 1 735 ¹
49 711 183 776 aistius
216 709 364 794 nequitia
395 712 468 774 tota
495 707 606 774 Sicilia
632 713 847 795 pervagatum
875 715 938 794 est3
971 711 1009 776 de
1038 733 1101 795 qua

90 799 225 864 muliere
250 819 363 863 versus
386 797 520 882 plurimi
543 820 642 883 supra
664 799 810 863 tribunal
834 802 867 862 et
890 821 989 883 supra
1011 822 1101 883 prae-

1 907 2 916 *
89 887 172 953 toris
205 890 304 970 caput
338 886 570 950 scribebantur.
620 885 683 952 Hic
715 886 886 970 Aeschrio,
918 885 1018 970 Pipae
1050 888 1101 952 vir

1 981 2 984 ’
91 975 312 1058 adumbratus,
331 974 366 1038 in
379 972 629 1039 Herbitensibus
644 975 786 1039 decumis
800 996 903 1039 novus
917 975 1101 1039 instituitur

90 1063 293 1149 publicanus.
330 1062 541 1128 Herbitenses
560 1085 633 1127 cum
652 1063 808 1145 viderent,
830 1063 858 1127 si
876 1062 918 1128 ad
931 1061 1102 1127 Aeschrio·

52 1172 78 1211 1o
90 1175 165 1217 nem
202 1151 343 1237 pretium
375 1151 563 1234 resedisset,
600 1173 634 1216 se
666 1151 707 1215 ad
739 1151 911 1215 arbitrium
941 1150 1101 1217 lubidino-

92 1241 240 1305 sissimae
258 1239 403 1304 mulieris
423 1239 599 1324 spoliatum
617 1239 667 1324 iri,
690 1239 773 1304 liciti
792 1243 868 1304 sunt
886 1261 988 1324 usque
1012 1239 1101 1322 adeo,

92 1329 199 1412 quoad
227 1349 261 1392 se
290 1327 416 1393 efficere
438 1349 535 1412 posse
559 1327 811 1393 arbitrabantur.
856 1325 963 1413 Supra
985 1327 1104 1392 adiecit

92 1416 264 1502 Aeschri03
295 1437 399 1500 neque
431 1415 517 1480 enim
548 1417 728 1501 metuebat,
758 1438 799 1482 ne
826 1421 977 1501 praetore
999 1415 1102 1481 Verre

91 1506 270 1570 decumana
287 1505 404 1569 mulier
427 1504 544 1568 damno
569 1503 664 1569 adfici
685 1509 805 1590 posset.
847 1504 1018 1570 Addicitur
1038 1526 1102 1569 me·

53 1613 79 1653 15
92 1594 238 1658 dimnum
264 1595 364 1676 ufic,
401 1591 534 1657 dimidio
570 1592 637 1656 fere
669 1593 773 1678 pluris
806 1614 903 1676 quam
936 1592 1102 1678 superiore

93 1705 186 1748 anno.
229 1680 387 1747 Aratores
414 1680 561 1746 funditus
579 1682 832 1763 evertebantur,
862 1685 895 1744 et
923 1703 960 1746 eo
986 1681 1103 1765 magis,

92 1770 178 1854 quod
208 1770 275 1834 iam
303 1769 523 1853 superioribus
551 1769 644 1833 annis
672 1768 786 1834 afflicti
814 1772 907 1832 erant
935 1790 972 1833 ac
1000 1789 1102 1852 paene

90 1858 219 1944 perditi.
260 1857 425 1922 Intellexit
443 1858 506 1920 iste
529 1857 577 1921 ita
600 1877 719 1943 magno
742 1856 879 1939 venisse,
902 1859 939 1920 ut
962 1855 1102 1940 amplius

92 1949 133 2012 ab
151 1946 403 2012 Herbitensibus
423 1945 560 2030 exprimi
577 1967 644 2010 non
661 1948 787 2029 posset3
812 1944 913 2008 demit
936 1943 975 2007 de
998 1943 1103 2026 capite

55 2035 258 2100 amedimna
279 2050 340 2119 nc,
371 2033 462 2098 iubet
489 2033 524 2098 in
550 2034 680 2098 tabulas
708 2055 768 2116 pro
796 2031 995 2097 medimnum
1017 2033 1103 2098 ῆιῑο

92 2123 208 2189 referri
229 2126 318 2188 Vsu).

158 2210 284 2277 Hordei
320 2211 469 2276 decumas
503 2209 647 2274 eiusdem
680 2209 752 2294 agri
784 2207 938 2274 Docimus
971 2212 1103 2272 emerat.
1114 2197 1157 2262 34

92 2300 155 2366 Hic
186 2304 237 2366 est
264 2300 432 2383 Docimus,
464 2299 505 2363 ad
532 2319 628 2382 quem
654 2296 717 2361 iste
746 2297 920 2362 deduxerat
948 2296 1102 2380 Tertiam,
1123 2275 1156 2325 78

56 2493 81 2534 2⁶
94 2477 200 2541 Huius
231 2475 360 2540 Tertiae
391 2476 466 2560 plus
500 2474 599 2538 etiam
631 2495 728 2557 quam
754 2473 868 2558 Pipae,
900 2474 974 2557 plus
1007 2495 1105 2558 quam

95 2569 276 2631 ceterarum
304 2586 341 2629 ac
364 2584 467 2648 prope
490 2562 594 2626 dicam
616 2565 746 2627 tantum
770 2562 855 2646 apud
878 2562 978 2626 istum
999 2563 1036 2626 in
1058 2559 1104 2626 si-

95 2653 221 2718 ciliensi
239 2656 392 2737 praetura
412 2651 588 2716 auctoritas
607 2649 724 2735 potuit,
748 2655 905 2735 quantum
923 2651 958 2714 iu
979 2651 1105 2714 urbana
1234 2689 1236 2696 ›

95 2740 292 2807 Chelidonis.
336 2739 480 2804 Veniunt
505 2738 677 2802 Herbitam
705 2739 768 2803 duo
795 2739 956 2824 praetoris
986 2738 1105 2802 aemuli

93 2851 160 2895 non
174 2829 315 2912 molesti,
333 2827 597 2893 muliercularum
611 2827 869 2892 deterrumarum
882 2825 1105 2911 inprobissimi

57 2936 83 2976 ³0
96 2919 295 3004 cognitores,
321 2916 481 3002 incipiunt
503 2916 683 2999 postulare,
710 2936 856 2998 poscere,
883 2913 1014 2995 minari3
1040 2934 1106 2977 non

119 3010 250 3071 oterant
262 3009 382 3088 tamen,
397 3026 469 3069 cum
484 3007 646 3088 cuperent,
662 3003 786 3068 imitari
792 3001 988 3086 Apronium,
1005 2997 1106 3065 Siculi

95 3027 222 3160 dieulos
248 3115 316 3158 non
341 3096 411 3157 tam
434 3091 715 3176 pertimescebant.
761 3089 844 3155 (lum
867 3089 957 3154 omni
979 3089 1105 3154 ratione
1154 3142 1160 3150 ,

95 3187 207 3248 tamen
245 3181 295 3246 illi
335 3180 621 3264 calumniarentur,
658 3179 857 3263 promittunt
893 3176 1105 3241 Herbitenses

95 3271 317 3336 vadimonium
345 3267 528 3353 Syracusas
573 3267 622 3333 Eo
650 3271 863 3352 posteaquam
890 3267 1023 3330 ventum
1048 3270 1106 3349 est,

57 3375 83 3416 ⁸5
97 3363 258 3445 eoguntur
290 3357 495 3439 Aeschrioni,
531 3356 593 3421 hoc
629 3359 680 3420 est
710 3353 824 3437 Pipae,
860 3357 989 3419 tantum
1022 3354 1106 3438 dare,

97 3452 256 3532 quantum
271 3451 342 3512 erat
356 3447 394 3510 de
409 3445 515 3530 capite
530 3445 706 3528 demptum,
724 3441 826 3506 tritici
839 3442 983 3507 modium
993 3445 1038 3506 ἸῙῙ
1050 3459 1106 3507 nc.

95 3534 307 3603 Mulierculae
320 3535 514 3620 publicanae
527 3532 634 3596 noluit
653 3553 692 3596 ex
710 3530 851 3596 decumis
869 3529 1007 3596 nimium
1025 3531 1107 3596 lucri
