2622 3884
211 173 277 238 480
513 170 553 224 IN
572 171 600 226 O.
618 169 769 224 VERREM
786 169 866 224 ACT.
885 169 920 224 11.

158 323 201 388 53
212 315 387 400 voluptati,
418 314 474 380 sed
504 314 603 380 etiam
631 313 793 398 quaestui·
807 312 896 378 fuitl'
929 349 967 360 -
997 312 1078 379 haec
1106 313 1136 378 si
1163 313 1230 378 tibi

211 410 287 471 tuus
324 424 443 489 parens
481 402 615 488 diceret,
650 424 764 486 possea
796 402 838 466 ab
871 423 909 466 eo
940 401 1070 467 veniam
1103 405 1229 486 petere,

211 514 338 577 posses,
361 496 400 557 ut
421 491 484 557 tibi
506 491 704 578 ignosceret,
726 488 915 576 postulare?
1295 566 1298 575 Α

160 594 210 642 139
279 578 365 644 Satis
394 583 445 645 cst
470 580 596 646 lactum
619 578 750 664 Siculis,
778 579 858 644 satis
886 577 994 645 officio
1023 600 1061 644 ac
1085 580 1228 645 necessi-

211 669 325 752 tudini,
349 669 430 733 satis
447 668 609 752 promisso
630 671 744 734 nostro
768 689 806 732 ac
828 669 968 753 recepto.
1008 665 1150 752 Reliqua
1174 673 1256 732 estc
1294 686 1297 687 ⁷

211 779 251 822 ea
273 779 383 841 causa,
409 757 544 841 iudices,
572 778 654 842 quae
676 756 744 821 iam
764 777 832 822 non
854 759 996 840 recepta,
1020 757 1077 820 scd
1098 757 1227 841 innata,

210 867 315 930 neque
347 845 457 911 delata
489 845 530 910 ad
561 867 626 929 me,
661 843 718 910 sed
748 843 784 908 in
815 845 924 909 animo
957 865 1117 928 sensuque
1149 867 1226 911 meo
1296 887 1297 894 κ

210 934 341 1020 penitus
361 934 467 998 adfixa
485 937 583 1018 atque
600 933 701 998 insita
719 936 783 1016 est3
806 954 889 1016 quae
907 953 974 998 non
996 932 1037 997 ad
1060 933 1226 998 sociorum

211 1022 361 1108 salutem,
385 1022 441 1088 scd
460 1021 501 1086 ad
519 1021 637 1087 civium
655 1020 887 1104 Romanorum,
910 1021 972 1085 hoc
991 1024 1042 1085 est
1062 1021 1104 1086 ad
1127 1023 1224 1086 unius
1296 1103 1297 1106 Ἴ

211 1111 366 1196 cuiusque
393 1114 557 1194 nostrum,
583 1109 686 1174 vitam
714 1112 748 1173 et
775 1109 968 1195 sanguinem
989 1109 1143 1194 pertinet.
1184 1109 1225 1174 In
1240 1128 1264 1166 1⁰
1296 1195 1297 1198 Ἴ

212 1222 276 1284 qua
293 1199 397 1264 nolite
416 1221 435 1262 a
453 1219 513 1282 me,
532 1199 625 1282 quasi
645 1197 779 1262 dubium
800 1197 845 1261 sit
863 1196 995 1282 aliquid,
1018 1203 1224 1284 argumenta,

210 1286 346 1372 iudices,
368 1291 568 1372 exspectare3
591 1286 713 1370 omnia,
738 1307 820 1370 quae
845 1285 964 1369 dicam,
988 1285 1035 1351 sic
1057 1289 1155 1350 erunt
1177 1287 1224 1350 in·

210 1375 338 1459 lustris,
360 1374 458 1438 atad
481 1395 518 1438 ea
541 1373 711 1458 probanda
732 1377 839 1438 totam
858 1371 1002 1439 Siciliam
1026 1377 1146 1438 testem
1170 1375 1224 1440 ad-

210 1463 323 1527 hibere
336 1462 470 1548 possim.
495 1461 600 1527 lbror
614 1462 701 1528 enim
715 1462 848 1546 quidam
866 1461 996 1528 sceleris
1015 1465 1050 1526 et
1067 1462 1224 1529 audaciae

208 1571 318 1616 comes
348 1550 443 1615 istius
474 1550 666 1619 effrenatum
693 1551 838 1615 animum
864 1551 1140 1635 inportunamque
1166 1566 1261 1616 na1⁵

209 1643 319 1704 turam
336 1642 432 1704 tanta
450 1639 614 1724 oppressit
632 1638 785 1724 amentia,
803 1643 841 1704 ut
858 1659 1035 1723 numquam
1056 1637 1225 1704 dubitaret

209 1728 243 1792 in
262 1732 421 1794 conventu
444 1729 553 1813 palam
577 1727 745 1812 supplicia,
770 1749 852 1811 quae
874 1725 1099 1792 inconvictos
1122 1729 1225 1793 male
1298 1775 1299 1778 ,

209 1816 275 1882 ficii
302 1837 412 1882 servos
438 1815 618 1881 constituta
641 1818 729 1899 srmt,
757 1815 852 1880 eain
874 1815 954 1880 civis
977 1815 1145 1880 Romanos
1169 1838 1225 1880 ex·
1298 1859 1299 1864 κ

158 1913 208 1966 140
226 1925 384 1989 promere.
428 1902 541 1990 Virgis
573 1925 671 1988 quam
703 1904 825 1968 multos
858 1902 1021 1985 ceciderit,
1054 1903 1132 1987 quid
1161 1926 1224 1990 ego

209 1991 480 2058 commemorem?
535 1992 677 2057 Tantum
713 1991 918 2075 brevissime,
957 1990 1094 2076 iudices,
1137 1992 1225 2058 dico:
1239 2009 1260 2048 2⁰

208 2080 344 2146 Nullum
376 2079 440 2145 fuit
473 2081 603 2145 omnino
636 2079 780 2145 civitatis
812 2079 879 2145 isto
910 2083 1061 2165 praetore
1092 2079 1128 2144 in
1160 2080 1226 2147 hoc

209 2190 327 2255 genere
342 2168 522 2253 discrimen.
553 2167 669 2252 Itaque
687 2168 754 2234 iam
773 2166 1004 2234 consuetudine
1023 2166 1065 2232 ad
1082 2189 1225 2252 corpora
1298 2223 1299 2256 ,

207 2256 327 2321 civium
350 2256 572 2322 Romanorum
600 2257 701 2322 etiam
728 2256 797 2321 sine
824 2255 921 2321 istius
947 2258 1031 2322 nutu
1053 2255 1225 2322 ferebatur

209 2365 324 2408 manus
346 2343 420 2429 ipsa
442 2345 576 2411 lictoris.

154 2437 199 2502 54
274 2429 362 2496 Num
389 2436 483 2517 potes
509 2433 573 2499 hoc
598 2453 732 2520 negare,
760 2432 893 2517 Verres,
920 2431 955 2496 in
976 2431 1048 2498 foro
1070 2430 1224 2516 Lilybaei
1238 2451 1264 2492 rs

208 2519 350 2584 maximo
382 2525 543 2586 conventu
575 2519 609 2586 O.
635 2520 820 2604 Servilium,
852 2520 956 2586 civem
986 2518 1174 2586 Romanum
1205 2544 1223 2587 e
1298 2539 1299 2570 ³

209 2611 369 2674 conventa
402 2608 673 2694 Panhormitano,
709 2613 851 2674 veterem
886 2607 1142 2694 negotiatorem,
1180 2609 1223 2674 ed

207 2697 353 2761 tribunal
373 2700 448 2762 ante
471 2697 568 2782 pedes
591 2701 667 2762 tuos
689 2697 731 2762 ad
753 2701 874 2762 terram
898 2696 1000 2783 virgis
1023 2700 1058 2761 ct
1079 2697 1222 2762 verberi-

208 2786 269 2849 bus
297 2785 482 2850 abiectum?
526 2783 620 2850 Aude
647 2785 709 2851 hoc
733 2786 876 2871 primum
897 2805 1032 2870 negare,
1060 2784 1221 2870 sipotes3
1298 2783 1299 2788 ’

208 2895 303 2937 nemo
321 2873 471 2958 Lilybaei
488 2873 561 2958 fuit,
585 2873 664 2958 quin
680 2873 808 2959 viderit,
829 2894 924 2938 nemo
943 2873 978 2937 in
996 2870 1117 2958 Sicilia,
1141 2873 1222 2958 quin
1235 2891 1263 2932 ao

209 2961 355 3025 audierit.
387 2960 500 3047 Plagis
515 2961 698 3027 confectum
713 2963 784 3028 dico
803 2983 823 3026 a
840 2959 1010 3027 lictoribus
1029 2961 1096 3026 tuis
1116 2962 1223 3028 civem

157 3048 505 3114 141Romanumante
529 3051 640 3115 oculos
663 3053 738 3115 tuos
761 3049 947 3115 concidisse.
983 3048 1032 3114 At
1054 3071 1153 3135 quam
1177 3051 1222 3116 ob
1296 3091 1297 3094 =

208 3157 352 3221 causam,
380 3137 413 3202 di
440 3138 644 3204 inmortales!
682 3138 816 3202 tametsi
841 3137 994 3202 iniuriam
1019 3138 1105 3203 facio
1131 3159 1223 3204 com-

208 3225 298 3289 muni
326 3246 441 3290 causae
469 3229 504 3290 et
525 3226 589 3291 iuri
612 3225 768 3310 civitatis,
795 3225 889 3310 quasi
911 3227 998 3290 enim
1020 3226 1090 3291 ulla
1112 3227 1222 3312 possit

208 3333 278 3376 esse
297 3332 403 3397 causa,
422 3335 478 3378 cur
496 3312 559 3378 hoc
577 3314 727 3396 cuiquam
745 3313 808 3379 civi
825 3313 974 3379 Romano
992 3313 1063 3379 iure
1084 3315 1221 3400 accidat,
1235 3333 1262 3373 ³⁵

80 3399 81 3403 ’
207 3397 255 3461 ita
282 3420 416 3483 quaero,
444 3421 526 3483 quae
553 3401 589 3465 in
611 3398 750 3466 Servilio
777 3423 875 3467 causa
900 3401 1008 3468 fuerit
1052 3401 1220 3488 Ignoscite
1298 3441 1299 3488 i

206 3482 242 3544 in
268 3481 330 3549 hoc
356 3507 435 3570 uno,
463 3487 598 3572 iudices,
624 3488 661 3552 in
682 3487 798 3554 ceteris
821 3489 908 3553 enim
930 3511 997 3556 non
1018 3511 1220 3578 magnopere
