2622 3884
190 205 256 273 408
493 203 533 259 IN
552 203 581 260 0.
595 203 749 258 VERREM
768 203 848 260 ACT.
867 205 901 259 11.

189 350 306 434 Itaque
323 349 359 414 in
375 348 417 414 iis
436 347 593 432 scriptum
611 348 732 414 litteris
746 346 878 414 Punicis
895 348 961 414 fuit
979 370 1091 436 regem
1104 349 1204 416 Masi·

189 439 315 504 nissam
331 436 559 524 inprudentem
577 436 749 523 accepisse,
770 457 807 502 re
830 437 964 523 cognita
985 439 1204 524 reportandos

190 526 651 697 {tttfflltlrfrtt
672 523 1205 699 illustrem

140 719 191 770 104
210 665 344 787 antiquo
372 723 470 788 opere
499 723 536 769 ac
564 723 691 768 summa
714 705 785 768 arte
806 701 980 788 perlectae.
1025 701 1115 769 Haec
1138 704 1232 770 istas

192 791 310 875 omnia,
327 812 369 856 ne
386 790 500 856 multis
518 811 635 874 morer,
656 812 722 856 uno
739 790 865 876 impetu
884 795 982 876 atque
1000 813 1065 858 uno
1083 793 1204 859 nuntio

191 901 250 967 per
268 900 379 946 servos
393 878 561 964 Venerios,
584 899 666 964 quos
689 877 757 943 eius
779 878 828 945 rei
850 900 950 946 cauea
972 879 1116 966 miserat,
1138 882 1205 947 tol·

191 968 289 1035 lenda
311 972 409 1053 atque
433 967 631 1053 asportanda
653 967 789 1033 curarit.

138 1058 181 1123 47
258 1055 322 1121 Pro
353 1055 386 1120 di
414 1055 618 1121 inmortales!
655 1076 752 1139 quem
779 1075 841 1142 ego
868 1053 1034 1122 hominem
1061 1057 1204 1124 accuso?

192 1167 289 1230 quem
316 1144 445 1230 legibus
474 1147 571 1228 atque
599 1143 713 1210 sociali
738 1143 808 1209 inre
835 1144 1034 1229 persequor?
1070 1145 1111 1210 de
1136 1167 1203 1230 quo
1220 1167 1246 1208 ro

192 1254 251 1300 vos
279 1233 475 1298 sententiam
501 1252 560 1317 per
586 1232 744 1298 tabellam
770 1231 906 1298 feretis?
950 1230 1073 1299 Dicunt
1098 1233 1204 1320 legati

191 1321 379 1388 Melitenses
410 1320 540 1406 publice
567 1320 746 1405 spoliatum
772 1320 933 1406 templum
960 1341 1031 1387 esse
1057 1320 1204 1407 Iunonis,

191 1409 276 1475 nihil
293 1409 394 1474 istum
411 1409 447 1474 in
469 1407 717 1494 religiosissimo
739 1407 817 1475 fano
839 1408 1025 1494 reliquissc;
1048 1430 1144 1495 quem
1167 1411 1204 1475 in

192 1499 300 1564 locum
326 1497 448 1563 classes
470 1497 616 1562 hostium
638 1518 735 1583 saepe
758 1498 966 1582 accesserint,
993 1497 1051 1563 ubi
1072 1499 1203 1584 piratae
1297 1568 1298 1578 χ

191 1585 260 1652 iere
290 1584 464 1670 quotannis
491 1584 635 1651 hiemare
663 1585 804 1670 soleant,
835 1586 922 1670 quod
947 1606 1052 1670 neque
1078 1588 1202 1673 praedo
1218 1609 1244 1649 η

192 1673 326 1741 violarit
353 1676 451 1740 antea
476 1695 580 1758 neque
604 1695 760 1758 umquam
781 1672 888 1739 hostis
911 1674 1075 1762 attigerit,
1100 1675 1135 1740 id
1158 1676 1202 1742 ab

192 1784 258 1828 uno
275 1762 340 1828 isto
360 1762 406 1829 sic
424 1761 602 1847 spoliatum
621 1783 700 1848 esse,
722 1765 760 1828 ut
780 1762 864 1826 nihil
888 1763 1020 1829 omnino
1043 1763 1089 1829 sit
1110 1765 1203 1832 relic·

191 1854 272 1917 tum.
312 1849 375 1917 Hic
400 1872 486 1916 nunc
514 1851 577 1916 iste
603 1871 678 1916 reus
701 1854 760 1915 aut
781 1871 843 1938 ego
867 1854 1036 1918 accusator
1058 1855 1117 1917 aut
1138 1853 1202 1920 hoc

192 1938 346 2005 iudicium
378 1939 643 2024 appellabitur?
666 1937 863 2004 Criminibus
895 1939 984 2006 enirn
1012 1942 1202 2027 coarguitur

193 2032 252 2094 aut
269 2025 506 2113 suspicionibus
525 2027 560 2091 in
577 2025 730 2093 iudicium
748 2031 891 2094 vocatur.
927 2025 971 2093 Di
990 2029 1103 2113 ablati,
1122 2029 1202 2095 fana
1216 2051 1242 2092 so

192 2119 319 2200 vexata,
336 2114 477 2180 nudatae
490 2116 588 2181 urbes
601 2115 820 2201 reperiuntur,
838 2137 950 2181 earum
966 2120 1076 2182 autem
1091 2139 1201 2184 rerum

192 2204 318 2272 nullam
346 2202 410 2268 sibi
435 2203 499 2270 iste
524 2225 630 2289 neque
650 2203 813 2270 infitiandi
835 2204 997 2271 rationem
1018 2226 1124 2291 neque
1147 2206 1202 2272 de

192 2290 345 2358 leniendi
369 2290 562 2358 facultatem
584 2291 730 2377 reliquit;
758 2292 909 2358 omnibus
931 2292 966 2358 in
988 2293 1086 2359 rebus
1109 2316 1202 2360 coar·

194 2380 306 2467 guitur
320 2401 340 2445 a
352 2401 413 2463 me,
431 2380 633 2447 convincitur
646 2403 667 2445 a
679 2381 829 2464 testibus,
847 2385 984 2468 urgetur
997 2382 1201 2449 confessione

194 2489 265 2552 sua,
292 2466 475 2534 manifestis
501 2469 537 2534 in
563 2467 731 2534 maleficiis
758 2473 889 2535 tenetur
911 2473 945 2536 et
966 2475 1078 2536 manet
1099 2471 1200 2537 etiam
1214 2489 1241 2531 ac

194 2578 231 2624 ac
252 2555 373 2622 tacitus
395 2556 484 2624 facta
505 2577 632 2630 mecum
655 2579 714 2623 sua
735 2557 948 2644 recognoscit

142 2657 193 2711 10⁶
259 2644 406 2710 Nimium
437 2644 518 2710 mihi
549 2645 604 2709 diu
635 2644 746 2711 videor
777 2645 813 2710 in
838 2667 903 2712 uno
931 2667 1049 2732 genere
1076 2649 1202 2714 versari

195 2733 379 2817 criminum3
405 2732 525 2817 sentio,
550 2732 685 2816 iudices,
707 2734 939 2799 occurrendum
960 2755 1030 2800 esse
1053 2735 1202 2802 satietati

193 2822 320 2887 aurium
334 2821 581 2905 animorumque
596 2823 789 2886 vestrorum.
821 2818 926 2898 Quam
945 2823 988 2888 ob
1006 2845 1076 2888 rem
1094 2825 1202 2891 multa

191 2911 467 2994 praetermittam
494 2907 536 2973 ad
558 2930 597 2974 ea
620 2911 742 2994 autem,
770 2931 853 2994 quae
875 2909 1019 2976 dicturus
1042 2933 1129 2997 sum,
1151 2934 1200 2980 re·
1214 2931 1240 2971 so

192 2998 279 3064 ficite
305 3018 379 3081 ros,
405 3016 542 3081 quaeso,
567 2995 703 3082 iudices,
729 3019 787 3082 per
814 2997 893 3064 deos
916 2998 1116 3084 inmortalis,
1145 3021 1201 3067 eos

192 3085 297 3172 ipsos,
322 3084 362 3151 de
383 3105 522 3169 quorum
544 3084 703 3171 religione
724 3086 792 3150 iam
816 3085 871 3150 diu
893 3085 1043 3172 dicimus,
1066 3087 1145 3154 dum
1167 3090 1202 3155 id

125 3249 127 3256 ¹
193 3174 262 3240 eius
274 3173 402 3240 facinus
415 3194 633 3239 commemoro
650 3177 684 3239 et
700 3172 842 3259 profero,
861 3194 925 3259 quo
942 3175 1111 3261 provincia
1128 3181 1202 3244 tota

193 3265 357 3329 commota
371 3265 430 3328 ost.
465 3260 516 3327 De
530 3283 593 3346 quo
608 3262 636 3326 si
650 3263 747 3346 paulo
762 3261 860 3328 altius
879 3262 980 3330 ordiri
998 3285 1036 3330 ac
1053 3269 1201 3350 repetere

192 3349 383 3415 memoriam
400 3349 570 3435 religionis
588 3350 732 3434 videbor,
748 3350 923 3436 ignoscite,
941 3351 990 3417 rei
1008 3353 1201 3440 magnitudo
1214 3372 1239 3414 cs

192 3459 245 3503 me
258 3437 401 3502 breviter
413 3438 636 3524 perstringere
650 3437 857 3505 atrocitatem
872 3439 1017 3506 criminis
1029 3462 1098 3507 non
1113 3441 1201 3508 sinit.

137 3494 189 3618 ,²036
258 3522 362 3590 Vetus
389 3527 440 3588 est
466 3525 547 3591 haec
575 3527 698 3611 opinio,
729 3526 865 3612 iudices,
898 3548 980 3613 quae
1008 3531 1201 3596 constater
