2576 3882
364 199 432 255 LIB.
451 201 477 254 11
505 199 581 255 ch.
602 206 708 254 31-34
727 207 741 266 s
762 207 874 257 ἰτ-33,
1062 201 1128 268 229

119 345 273 429 defendit,
297 344 354 429 qui
371 344 522 411 omnibus
541 345 610 410 eius
629 344 773 410 consiliis
791 345 952 430 rebusque
969 345 1129 432 interfuit,

119 434 156 511 Q.
181 433 356 515 Minucius,
386 433 512 498 iuratus
545 432 623 499 dicit
649 434 820 517 pecuniam
847 434 971 519 datam,
1002 435 1128 500 iuratus

119 523 198 588 dicit
219 521 459 587 Timarchidem
478 521 597 587 dixisse
615 521 771 586 maiorem
789 522 959 606 pecuniam
977 523 1019 588 ab
1039 545 1129 590 accu-

119 611 284 677 satoribus
308 610 392 693 dari3
416 609 522 676 dicent
544 610 607 675 hoe
629 610 726 674 multi
749 607 863 695 Siculi,
886 611 993 677 dicent
1016 632 1128 677 omnes

89 700 347 783 eHalicyenses,
379 697 464 763 dicet
495 698 594 764 etiam
622 701 845 784 praetextatus
873 695 1004 784 Sopatri
1031 701 1128 784 filius,

120 789 176 873 qui
195 789 236 853 ab
255 787 320 852 isto
344 787 475 852 homine
498 786 722 852 crudelissimo
745 790 839 872 patra
862 787 1127 854 innocentissimo

119 876 319 962 pecuniaque
337 875 447 961 patria
464 875 612 960 privatus
636 878 695 939 est.
731 875 854 940 Verum
879 875 907 940 si
931 876 969 940 de
991 878 1128 961 pecunia
1147 891 1180 941 81

118 965 258 1030 testibus
271 965 407 1050 planum
419 963 527 1029 facere
538 985 606 1028 non
618 985 758 1048 possem,
775 963 859 1029 illud
875 984 996 1048 negare
1014 986 1128 1049 posses

120 1057 178 1118 aut
204 1075 289 1118 nunc
315 1051 467 1138 negabis,
493 1055 527 1116 te
555 1051 691 1116 consilio
719 1054 777 1116 tuo
806 1051 940 1117 dimisso
963 1051 1042 1116 viris
1065 1053 1128 1138 pri-

51 1161 104 1200 -ιο
120 1135 247 1223 ma'riis,
279 1140 334 1224 qui
365 1141 400 1205 in
429 1140 565 1206 consilio
593 1138 627 1204 Ο.
651 1138 819 1205 Sacerdoti
845 1140 976 1205 fuerant
1002 1140 1128 1225 tibique

120 1251 191 1295 esse
205 1228 364 1313 solebant,
377 1229 513 1294 remotis
529 1229 567 1293 de
581 1250 616 1292 re
634 1228 777 1294 iudicata
793 1227 1008 1294 iudicavisse?
1031 1233 1128 1315 teque

80 1371 85 1380 .
120 1340 207 1402 eum,
241 1339 336 1402 quern
363 1314 399 1382 0.
421 1314 577 1382 Sacerdos
609 1316 757 1381 adhibito
788 1317 925 1382 consilio
953 1338 1051 1383 causa
1078 1340 1129 1384 co·

119 1407 213 1494 gnita
241 1405 450 1489 absolvisset,
478 1404 613 1470 eundem
639 1408 767 1470 remoto
795 1405 931 1471 consilio
960 1427 1058 1472 causa
1081 1407 1129 1471 in·

119 1495 252 1582 cognita
270 1493 524 1560 condemnasse?
559 1491 641 1560 Cum
660 1492 740 1558 haec
760 1492 927 1560 confessus
950 1493 1024 1579 eris,
1047 1517 1129 1580 quae

75 1603 103 1642 15
118 1585 155 1648 in
180 1583 253 1649 foro
280 1582 392 1668 palam
415 1579 583 1666 Syracusis
610 1581 646 1646 in
673 1603 729 1647 ore
752 1585 850 1665 atque
872 1582 908 1647 in
930 1583 1032 1647 oculis
1056 1605 1129 1668 prc-

119 1672 243 1738 rinciae
263 1673 358 1757 gesta
376 1674 466 1756 sunt,
488 1673 608 1756 negato
631 1673 703 1735 tum
726 1691 817 1753 sane,
840 1670 869 1734 si
891 1671 996 1754 voles,
1018 1674 1052 1735 te
1075 1693 1128 1755 pe·

119 1759 247 1826 cuniam
271 1758 446 1845 accepisse;
468 1759 623 1844 reperies,
645 1758 754 1840 credo,
781 1756 936 1842 aliquem,
959 1759 1028 1842 qui,
1056 1781 1130 1824 cum

118 1850 211 1934 haec,
240 1869 322 1932 quae
349 1848 460 1933 palam
488 1849 582 1933 gesta
609 1849 697 1930 sunt,
725 1845 847 1930 videat,
876 1849 1024 1930 quaerat,
1052 1847 1129 1930 quid

118 1941 158 2002 tu
180 1937 305 2003 occulte
328 1936 447 2022 egeris,
473 1939 530 2001 aut
552 1935 608 2019 qui
631 1934 771 2018 dubitet,
796 1937 906 1999 utrum
929 1934 1024 2000 malit
1047 1935 1128 1998 meis

74 2046 106 2085 20
120 2025 260 2091 testibus
285 2045 327 2090 an
349 2024 416 2089 tuis
440 2023 662 2090 defensoribus
686 2023 822 2088 credere.

185 2113 263 2179 Dixi
288 2114 355 2179 iam
378 2116 454 2178 ante
476 2134 528 2178 me
549 2133 616 2178 non
637 2111 746 2176 omnia
766 2110 877 2194 istius,
904 2132 987 2194 quae
1008 2111 1045 2175 in
1065 2111 1128 2176 hoc
1146 2125 1180 2174 82

120 2223 238 2290 genere
259 2205 377 2284 essent,
398 2205 671 2284 enumeraturum,
694 2200 749 2264 sed
772 2199 951 2265 electurum
975 2221 1021 2282 ea,
1036 2222 1128 2284 quae

119 2291 260 2357 maxime
281 2291 484 2357 excellerent.
519 2289 667 2374 Accipite
689 2309 775 2353 nunc
798 2288 886 2352 aliud
910 2288 978 2353 eius
1001 2287 1127 2354 facinus
1139 2295 1183 2360 34

118 2380 230 2446 nobile
258 2383 292 2444 et
318 2379 432 2444 multis
459 2378 540 2444 locis
568 2399 663 2462 saepe
691 2381 979 2442 commemoratum
1003 2377 1128 2442 eteius

73 2488 104 2528 aa
119 2467 224 2553 modi,
254 2471 293 2532 ut
321 2467 358 2532 in
388 2488 453 2532 unc
485 2467 595 2532 omnia
627 2465 787 2530 maleficia
815 2466 921 2531 inesse
948 2464 1129 2531 videantur.

119 2556 291 2622 Attendite
311 2556 497 2642 diligentem
519 2553 691 2621 invenietis
710 2553 796 2618 enim
814 2553 848 2618 id
865 2553 991 2619 facinus
1013 2557 1129 2618 natum

121 2669 142 2710 a
170 2644 359 2730 cupiditate,
392 2648 522 2710 auctum
554 2665 612 2728 per
644 2646 807 2727 stuprum,
839 2641 1030 2707 crudelitate
1056 2663 1129 2726 per·

118 2734 242 2800 fectum
263 2736 361 2817 atque
380 2732 575 2798 conclusum.
617 2729 770 2795 Sthenius
794 2735 857 2814 est,
880 2730 932 2795 hic
956 2729 1011 2814 qui
1033 2729 1128 2793 nobis
1148 2741 1181 2792 83

121 2822 261 2906 adsidet,
288 2820 530 2903 Thermitanus,
554 2822 650 2883 antea
672 2818 785 2883 multis
810 2820 945 2902 propter
968 2838 1128 2882 summam

74 2933 105 2972 ao
120 2911 277 2976 virtutem
296 2929 520 2993 summamque
537 2906 753 2990 nobilitatem,
775 2927 861 2971 nunc
878 2909 1012 2990 propter
1036 2926 1129 2969 suam

121 2999 344 3066 calamitatem
372 3001 470 3082 atque
496 2995 592 3060 istius
617 2994 780 3080 insignem
801 2993 954 3058 iniuriam
978 2993 1128 3057 omnibus

119 3091 228 3154 notus.
267 3086 372 3152 Huius
391 3083 535 3169 hospitio
549 3083 669 3148 Verres
692 3105 765 3148 cum
789 3085 875 3146 esset
898 3101 975 3144 usus
1000 3084 1032 3144 et
1056 3101 1128 3144 cum

120 3177 207 3263 apud
226 3197 298 3241 cum
318 3176 397 3256 [non
415 3174 534 3253 solum]
555 3171 703 3236 Thermis
728 3191 824 3254 saepe
845 3189 980 3233 numero
1002 3165 1129 3251 fuisset,
1155 3167 1156 3174 ’

121 3265 193 3346 [sed
229 3264 329 3330 etiam
363 3262 573 3344 habitasset]
611 3259 720 3323 omnia
752 3257 847 3322 domo
881 3256 948 3320 eius
982 3254 1130 3339 abstulit,

74 3373 105 3414 ss
122 3374 205 3439 quae
214 3352 312 3438 paulo
328 3351 434 3437 magis
448 3349 592 3416 animum
607 3346 786 3431 cuiuspiam
800 3348 857 3409 aut
871 3344 982 3410 oculos
996 3347 1131 3429 possent

120 3462 335 3508 commovere.
380 3439 513 3504 Etenim
536 3435 689 3503 Sthenius
717 3435 757 3499 ab
787 3431 1007 3499 adulescentia
1031 3432 1130 3518 paulo

121 3529 299 3596 studiosius
318 3529 403 3597 hanc
421 3527 629 3612 compararat
651 3523 887 3608 supellectilem
909 3544 949 3588 ex
972 3543 1045 3588 aere
1070 3522 1131 3586 ele·
