2622 3884
211 181 278 246 430
507 179 547 233 IN
566 179 595 236 0.
614 178 768 234 VERREM
786 178 865 236 Aes.
884 179 919 235 ΙΙ.

210 326 262 391 Μ’.
277 324 427 409 Aquilius
447 324 596 408 confecit,
618 324 664 388 sic
687 324 880 408 accepimus,
902 323 1030 387 nullum
1052 321 1088 387 in
1113 319 1226 411 Siciha

210 413 426 500 fugitivorum
444 413 567 477 bellum
591 412 700 477 fuisse.
732 413 779 477 At
802 413 838 477 in
860 411 959 477 Italia
981 410 1054 476 fuit.
1092 409 1225 495 Fateor,

212 507 245 568 et
268 522 424 588 magnum
446 501 576 585 quidem
600 523 637 566 ae
660 502 842 566 vehemens.
883 499 972 565 Num
994 500 1099 586 igitur
1123 523 1164 564 ex
1187 521 1224 564 eo

211 591 300 657 bello
328 593 455 676 partem
483 589 627 674 aliquam
654 589 760 654 laudis
784 589 936 674 adpetere
959 587 1111 654 conaris?
1144 610 1224 652 num

210 679 274 744 tibi
299 679 390 743 illius
417 678 574 744 victoriae
602 677 742 762 gloriam
771 701 845 743 cum
871 677 914 742 M.
935 675 1054 743 Crasso
1084 680 1144 742 aut
1167 675 1249 742 One

210 767 367 852 Pompeio
404 766 674 832 communicatam
707 767 827 850 putas?
876 766 953 831 Non
984 765 1130 830 arbitror
1161 765 1223 830 hoc

212 857 311 922 etiam
330 859 406 920 tuae
426 855 536 919 deesse
554 854 771 938 inpudentiae,
793 857 831 918 ut
850 854 1022 938 quiequam
1041 853 1111 918 eius
1136 853 1222 918 modi

212 946 317 1010 dicere
332 944 459 1008 audeas.
487 942 657 1008 Obstitisti
674 942 833 1026 videlicet,
850 964 892 1007 ne
911 963 950 1007 ex
963 941 1063 1007 Italia
1080 943 1221 1006 transire

211 1035 246 1099 in
264 1031 409 1098 Siciliam
432 1031 646 1117 fugitivorum
670 1031 782 1115 copiae
804 1033 947 1116 possent.
983 1028 1059 1114 Ubi,
1083 1030 1221 1114 quando,
1294 1073 1295 1112 q

212 1145 276 1207 qua
308 1143 347 1186 ex
376 1121 491 1205 parte?
529 1141 602 1186 cum
633 1122 691 1183 sut
723 1119 849 1184 ratibus
878 1123 935 1184 aut
961 1117 1101 1184 navibus
1129 1140 1219 1184 cone·
1235 1136 1257 1176 o
1294 1129 1295 1204 ζ

211 1213 324 1276 rentur
356 1208 528 1274 accedere?
577 1205 647 1272 Nos
680 1207 765 1271 enim
792 1207 876 1272 nihil
904 1229 1059 1291 umquam
1086 1227 1220 1292 prorsus
1294 1205 1295 1232 ³

211 1297 407 1381 audivimus,
433 1296 490 1360 sed
512 1295 594 1359 illud
617 1295 811 1380 audivimus,
838 1286 881 1360 M.
900 1294 1024 1380 Crassi,
1047 1294 1221 1360 fortissimi

211 1387 282 1470 viri,
305 1385 427 1450 virtute
447 1383 647 1468 consilioque
670 1384 803 1468 factum,
825 1406 866 1448 ne
889 1384 1016 1449 ratibus
1039 1383 1220 1449 coniunctis

210 1475 296 1538 freto
322 1472 456 1558 fugitivi
482 1472 524 1536 ad
551 1471 735 1537 Messanam
762 1472 902 1536 transire
929 1475 1076 1556 possent,
1109 1493 1130 1536 a
1157 1493 1220 1556 quo
1294 1505 1295 1528 2

211 1562 262 1626 illi
294 1564 412 1627 conatu
442 1582 509 1626 non
537 1564 632 1625 tanto
661 1582 758 1647 opere
785 1560 978 1644 prohibendi
1007 1560 1256 1645 fuissent,'si1⁵

211 1651 280 1715 ulla
307 1650 342 1715 in
365 1647 476 1714 Sicilia
502 1648 665 1734 praesidia
692 1649 733 1714 ad
760 1649 893 1714 illorum
921 1649 1097 1714 adventum
1123 1670 1220 1733 oppo-
1294 1675 1295 1716 3

175 1753 192 1802 e
212 1738 276 1804 sita
302 1741 504 1825 putarentur.
544 1737 591 1801 At
618 1759 691 1802 cum
718 1741 805 1802 esset
826 1737 862 1801 in
883 1736 982 1802 Italis
1004 1737 1128 1801 bellum
1151 1741 1219 1801 tam
1294 1727 1295 1782 l

210 1849 311 1913 prope
344 1849 365 1893 a
396 1823 519 1909 Sicilia,
555 1829 666 1890 tamen
702 1826 737 1890 in
769 1824 880 1891 Sicilia
911 1847 978 1890 non
1008 1825 1081 1890 fuit.
1138 1822 1219 1900 Quid

211 1916 352 1981 mirum?
383 1936 424 1980 ne
452 1936 526 1979 cum
552 1914 587 1977 in
610 1911 721 1978 Sicilia
749 1914 878 1998 quidem
900 1913 964 1978 fuit
987 1913 1100 1978 eodem
1122 1913 1219 1977 inter-

172 2011 192 2074 3
212 2005 310 2087 vallo,
332 2024 409 2087 pars
428 2002 496 2067 eius
515 2002 596 2067 belli
613 2002 648 2066 in
666 2001 798 2067 Italiam
817 2002 885 2066 ulla
903 2001 1055 2086 pervasit.
1087 2000 1218 2066 Etenim
1231 2019 1254 2058 ω

211 2091 438 2177 propinquitas
457 2091 604 2156 locorum
622 2091 663 2155 ad
681 2094 790 2155 utram
812 2093 940 2174 partem
963 2090 1025 2155 hoc
1048 2090 1121 2155 loco
1145 2111 1219 2174 pro-

210 2181 336 2244 fertur?
359 2182 469 2243 utrum
484 2178 608 2243 aditum
622 2179 751 2244 facilem
765 2179 915 2243 hostibus
931 2200 973 2242 an
991 2178 1219 2263 contagionem

211 2267 361 2332 imitandi
384 2267 464 2331 belli
486 2267 703 2352 periculosam
724 2266 848 2331 fuisse?
889 2266 1009 2330 Aditus
1033 2267 1139 2330 omnis
1162 2267 1218 2331 ho-

212 2355 353 2420 minibus
374 2356 443 2419 cine
461 2355 530 2420 ulla
547 2355 705 2420 facultate
723 2355 854 2420 navium
872 2376 940 2419 non
961 2355 1057 2419 modo
1082 2354 1220 2420 disiunc-

211 2448 279 2528 tus,
307 2443 363 2507 sed
392 2444 490 2508 etiem
518 2444 647 2508 clausus
674 2447 737 2528 est,
764 2447 802 2508 ut
824 2443 905 2526 illis,
933 2443 1050 2526 quibus
1074 2440 1255 2508 Siciliane

211 2531 428 2616 propinquam
457 2531 558 2596 fuisse
586 2530 678 2613 dicis,
706 2531 833 2597 facilius
860 2530 960 2596 fuerit
987 2531 1028 2596 ad
1055 2529 1220 2596 Oceanum

176 2619 379 2704 dpervenire
416 2642 514 2704 quam
550 2619 592 2684 ad
626 2619 808 2685 Peloridem
846 2620 1003 2686 accedere.
1058 2618 1220 2706 (lentagio

213 2712 322 2792 autem
348 2707 413 2772 ista
441 2707 569 2772 servilis
596 2708 676 2772 belli
704 2730 761 2773 cur
784 2709 843 2773 abs
866 2711 899 2772 te
922 2707 1032 2792 potius
1055 2729 1155 2791 quam
1178 2708 1220 2772 ab

212 2797 252 2861 iis
272 2796 431 2881 omnibus,
455 2796 511 2880 qui
531 2799 655 2861 ceteras
677 2796 861 2880 provincias
886 2796 1105 2879 obtinuerunt,
1127 2818 1219 2881 prae-

87 2939 90 2944 .
212 2885 359 2950 dicatur?
383 2906 425 2949 an
439 2884 525 2968 quod
539 2884 574 2948 in
588 2881 699 2950 Sicilia
712 2885 778 2949 iem
792 2888 889 2949 antea
903 2884 991 2949 bella
1004 2883 1219 2969 fugitivorum
1231 2900 1253 2941 ω

90 3007 93 3011 ·
211 2972 364 3037 fuerunt?
414 2971 462 3036 At
493 2994 532 3037 ea
557 2972 631 3056 ipsa
657 2994 755 3038 causa
782 2977 846 3057 est,
877 2993 934 3038 cur
959 2972 1025 3036 ista
1051 2973 1219 3056 provincia

212 3061 347 3125 minimo
374 3060 410 3124 in
436 3060 580 3144 periculo
608 3061 651 3125 sit
678 3065 711 3125 et
738 3060 846 3126 fuerit.
890 3058 976 3125 Nam
1003 3064 1220 3145 posteaquam

210 3149 302 3214 illine
329 3147 381 3212 Μ’.
404 3148 555 3232 Aquilius
583 3148 733 3233 decessit,
766 3149 909 3214 omnium
938 3149 1091 3213 instituta
1121 3153 1219 3234 atque

212 3237 318 3301 edicta
342 3240 530 3319 praetorum
552 3236 684 3302 fuerunt
707 3237 775 3301 eius
798 3237 900 3321 modi,
926 3240 965 3301 ut
985 3257 1026 3301 ne
1050 3236 1123 3322 quis
1146 3260 1218 3304 cum

210 3324 277 3387 telo
303 3345 414 3387 servus
438 3328 533 3388 esset.
574 3323 677 3388 Vetus
701 3328 760 3408 est,
782 3324 869 3408 quod
891 3324 1006 3408 dicam,
1028 3328 1062 3390 et
1083 3329 1249 3410 proptera
1294 3365 1295 3450 q

212 3411 419 3474 severitatem
448 3411 588 3495 exempli
613 3412 736 3476 nemini
761 3410 902 3476 fortasse
927 3433 983 3477 ves
1001 3434 1073 3478 rum
1095 3412 1217 3478 inaudi-
1294 3455 1295 3472 η

211 3500 295 3579 tum,
327 3495 362 3558 L.
387 3497 569 3561 Domitium
601 3503 784 3581 praetorem
815 3499 850 3562 in
880 3498 1004 3585 Sicilia,
1035 3522 1108 3566 cum
1141 3523 1217 3589 aper
