2524 3876
409 168 604 226 0AP.1s-1v
624 175 639 236 ἓ
656 176 770 226 50-66.
1048 173 1088 237 17

82 309 164 376 duae
195 312 339 396 fuerunt3
371 310 540 388 Quinctius
573 312 614 378 ad
645 314 866 380 vadimonium
895 337 961 381 non
991 316 1089 382 venit.

81 399 166 475 Quid
193 400 291 486 ego?
324 398 360 465 si
386 401 568 466 mehercule
594 401 674 468 haec
701 405 808 469 tecum
836 403 899 468 duo
922 405 1022 470 verba
1044 405 1089 470 fe·

79 489 194 553 eisses:
227 488 323 564 ‘Quid
352 488 460 575 agol',
487 490 681 575 respirasset
711 491 871 576 cupiditas
895 496 993 577 atque
1016 515 1090 560 ave·

79 577 172 661 ritia,
194 577 330 661 paulum
349 577 471 662 aliquid
491 578 556 643 loci
577 578 699 643 rationi
722 584 755 645 et
778 581 913 646 consilio
938 580 1089 666 dedisses,

54 669 117 730 stu
143 669 177 728 te
205 665 408 752 collegisseS,
434 687 501 730 non
526 666 561 730 in
585 689 657 731 cam
678 668 911 753 turpitudinem
936 670 1089 754 venisses,

80 755 118 817 ut
143 753 206 818 hoc
233 753 296 818 tibi
323 757 409 819 esset
435 755 521 839 apud
546 755 630 819 tales
654 755 743 821 viros
766 757 997 842 confitendum,
1025 780 1089 842 qua

80 840 142 905 tibi
158 841 381 906 vadimonium
403 864 469 907 non
492 843 536 906 sit
559 843 699 928 obitum,
723 844 834 909 eadem
857 849 890 910 te
912 845 995 910 hora
1017 868 1089 911 con·

79 929 191 994 silium
225 931 349 1016 cepisse
383 931 524 995 hominis
556 931 732 1016 propinqui
763 932 912 998 fortunas
943 933 1089 999 funditus

39 1126 65 1165 1⁰
79 1021 234 1192 everssegroe.
247 1129 308 1192 pro
335 1110 369 1172 te
395 1129 481 1173 nunc
507 1107 568 1173 hos
592 1109 725 1173 consulo
749 1113 825 1194 post
848 1113 976 1196 tempus
1000 1117 1033 1176 et
1055 1111 1089 1175 in
1102 1083 1141 1209 15}

79 1195 188 1259 aliena
214 1216 264 1280 re,
292 1195 446 1279 quoniam
472 1199 510 1260 tu
535 1195 572 1259 in
598 1199 656 1261 tua
683 1219 731 1281 re,
758 1219 832 1262 cum
856 1201 986 1284 tempus
1010 1202 1090 1283 erat,

79 1284 248 1349 consulere
281 1284 403 1348 oblitus
436 1305 484 1368 es3
517 1306 636 1367 quaero
669 1285 728 1350 abs
755 1288 803 1364 te,
836 1284 871 1351 Ο.
895 1286 1023 1371 Aquili,
1054 1287 1089 1352 L.

77 1372 194 1457 Lucili,
211 1371 247 1436 P.
257 1370 421 1454 Quinctili,
439 1371 482 1436 M.
491 1371 658 1438 Marcelle:
676 1371 907 1439 Vadimonium
924 1375 1005 1440 mihi
1024 1397 1089 1440 non

79 1460 163 1526 obiit
183 1461 314 1544 quidam
338 1461 443 1526 socius
467 1465 500 1525 et
523 1461 630 1524 affinis
653 1483 757 1544 meus,
781 1463 910 1546 quicum
933 1464 1013 1528 mihi
1036 1485 1090 1528 ne·

40 1567 65 1607 1⁵
79 1550 243 1614 cessitudo
271 1553 378 1632 vetus,
405 1549 627 1614 controversia
652 1549 691 1614 de
713 1572 748 1614 re
771 1551 957 1634 pecuniaria
979 1573 1089 1616 recens

79 1637 265 1720 intercedit3
294 1638 467 1722 postulone
495 1661 514 1702 a
541 1641 705 1722 praetore,
734 1642 772 1702 ut
800 1639 867 1704 eius
895 1641 982 1704 bone
1009 1639 1088 1703 mihi

77 1727 245 1810 possidere
272 1725 382 1810 liceat,
412 1746 468 1810 an,
495 1747 568 1790 cum
596 1725 719 1790 Romae
748 1726 862 1791 domus
891 1727 973 1810 eius,
1000 1748 1090 1811 uxor,

78 1814 176 1879 liberi
195 1814 271 1898 sint,
294 1814 426 1878 domum
443 1814 553 1898 potius
573 1814 781 1879 denuntiem?
819 1813 902 1890 Quid
921 1818 981 1897 est,
1004 1815 1090 1898 quod

78 1904 142 1968 hac
168 1902 301 1967 tandem
330 1902 368 1966 de
394 1924 430 1966 re
458 1903 550 1966 vobis
578 1902 684 1987 possit
708 1902 833 1968 videri?
874 1903 1039 1986 Profecto,
1062 1904 1088 1968 si

37 2009 66 2049 πο
79 1994 167 2056 recte
199 1995 344 2057 vestram
372 1990 554 2055 bonitatem
582 1994 680 2074 utque
707 1990 914 2076 prudentiam
942 1992 1090 2076 cognovi,

77 2101 145 2144 non
173 2080 314 2144 multum
336 2101 388 2142 me
410 2078 513 2162 fallit,
540 2078 568 2142 si
591 2078 818 2162 consulemini,
847 2079 922 2162 quid
947 2079 1019 2143 sitis
1042 2101 1090 2144 re·

77 2167 246 2252 sponsuri:
278 2167 418 2250 primum
447 2169 647 2250 exspectare,
680 2167 807 2248 deinde,
837 2167 866 2231 si
893 2167 1025 2232 latitare
1053 2191 1090 2234 sc

78 2255 202 2321 diutius
221 2255 386 2320 ludificare
405 2255 562 2338 videatur,
585 2254 706 2319 amicus
725 2255 904 2333 convenire,
927 2277 1090 2340 quaerere,

77 2344 152 2431 quis
167 2349 359 2428 procurator
373 2343 426 2427 sit,
440 2343 571 2407 domum
586 2343 784 2408 denuntiare.
816 2342 890 2408 Dici
903 2343 957 2408 vix
971 2348 1090 2429 potest,

36 2451 180 2518 requam
207 2431 313 2496 multa
340 2431 420 2514 sint,
447 2453 529 2514 quae
556 2430 778 2515 respondeatis
805 2435 881 2495 ente
903 2432 975 2496 fieri
998 2454 1089 2517 opor·

76 2525 163 2605 tere,
197 2543 294 2604 quam
326 2521 367 2584 ed
398 2520 482 2585 hanc
512 2519 672 2584 rationem
701 2523 879 2584 extremam
908 2520 1089 2586 necessario

77 2609 240 2675 devenire.
268 2606 352 2683 Quid
366 2608 407 2673 ed
420 2608 501 2672 haec
509 2607 676 2672 Naevius?
695 2607 792 2672 Ridet
806 2608 929 2673 scilicet
942 2611 1090 2674 nostram
1109 2627 1142 2678 55

78 2698 268 2775 amentiam,
287 2697 342 2780 qui
359 2696 394 2760 in
412 2697 482 2761 vita
500 2717 559 2760 sua
576 2696 737 2760 rationem
757 2697 874 2761 summi
893 2697 993 2761 officii
1011 2696 1091 2760 desi-

79 2786 230 2850 deremus
262 2788 295 2848 et
326 2785 479 2848 instituta
510 2784 656 2848 virorum
687 2784 847 2849 bonorum
879 2784 1091 2868 requiramus.

37 2891 65 2930 ω
79 2873 182 2949 ‘Quid
210 2871 316 2950 mihi',
342 2873 462 2956 inquit,
491 2871 579 2936 ‘cum
606 2873 672 2936 ista
700 2874 852 2953 [summa]
877 2871 1092 2936 sanctimonia

80 2985 118 3028 ac
143 2961 336 3047 diligentia?
370 2959 531 3043 viderint',
553 2961 667 3043 inquit,
691 2960 767 3025 ‘iste
790 2961 897 3026 officie
919 2960 981 3024 viri
1004 2959 1091 3040 boni,

80 3051 119 3114 de
143 3072 196 3114 me
220 3053 330 3114 autem
352 3050 400 3113 ita
422 3049 639 3114 considerent:
665 3071 732 3113 nun
755 3049 832 3132 quid
855 3048 1007 3130 habeam,
1036 3047 1092 3112 sed

80 3138 201 3222 quibus
219 3139 316 3205 rebus
335 3137 524 3218 invenerim,
543 3141 710 3221 quaerant,
734 3141 767 3201 et
787 3159 880 3221 quem
901 3135 941 3199 ad
960 3135 1091 3200 modum

80 3231 178 3292 natus
189 3230 296 3310 etque
307 3229 402 3309 pecto
418 3225 571 3290 educatus
586 3225 656 3290 sim.
675 3225 823 3308 Memini3
837 3228 931 3289 vetus
946 3228 1005 3306 est,
1020 3222 1091 3287 “de

40 3329 67 3370 ’ὁ
81 3335 217 3380 scurra
236 3314 358 3378 multo
377 3313 535 3379 facilius
555 3313 714 3378 divitem
735 3335 845 3396 quam
864 3314 1012 3395 patrem
1035 3311 1092 3376 fa·

79 3403 213 3467 milies
231 3401 323 3466 fieri
341 3399 503 3486 posse''.'
539 3401 629 3466 Haec
647 3403 712 3484 ille,
731 3401 759 3464 si
776 3401 885 3465 verbis
902 3421 969 3464 ncn
987 3400 1093 3484 audet,
1112 3420 1144 3470 se

78 3512 116 3555 re
130 3491 263 3575 quidem
277 3511 354 3554 vera
367 3491 475 3574 palam
491 3489 644 3575 loquitur.
675 3489 807 3554 Etenim
822 3489 851 3554 si
864 3487 936 3554 vult
949 3488 1092 3555 virorum

133 3603 238 3646 orum
252 3604 272 3642 1.
859 3597 876 3644 2
