2564 3876
177 182 220 248 62
350 178 421 234 PRO
441 177 517 233 SEX
536 176 665 234 ROSCIO
684 177 851 233 lemauso
871 177 980 233 ORATI

175 325 328 392 maleficii
343 323 551 409 suscipiendi3
569 345 653 407 quae
670 344 737 388 non
754 323 851 389 modo
868 323 987 390 idcirco
1007 328 1188 408 praetereo,

177 414 264 499 quod
286 413 450 497 teipsum
472 433 539 477 non
561 412 701 476 libenter
725 433 853 494 accuso,
880 432 994 477 rerum
1017 435 1056 478 eo
1080 413 1187 498 magis

177 501 404 655 etiamffioq
428 499 513 651 stide
537 499 604 653 iuis
622 499 778 652 ,cqedibqls
801 499 1188 654 relinqoommemorsaere,

175 611 313 745 illiditur
335 608 699 761 occiasqpefflqpnmqoq,
712 610 762 741 iis
773 610 826 741 edii
848 610 1090 762 pluiiiedrddiao
1114 612 1217 742 111115

175 767 338 852 pertinere
360 765 516 831 videatur.

123 829 167 956 331
242 854 419 920 Videamus
446 875 531 920 nunc
559 853 712 934 11111111,
739 854 824 918 sicut
851 856 971 937 cetera,
999 875 1084 938 quae
1110 857 1189 938 post

124 909 139 956 ⁹
176 948 317 1011 mortem
335 941 406 1008 Sex.
424 941 525 1008 Rosci
547 942 606 1006 abs
628 945 671 1024 te,
694 941 730 1008 Τ.
747 941 855 1025 Rosci,
877 941 968 1006 facta
989 945 1081 1025 sunt3
1104 963 1188 1025 quae

176 1033 226 1097 ita
239 1036 352 1116 aperta
368 1035 402 1096 et
419 1029 594 1095 manifesta
612 1032 698 1113 sunt,
715 1032 752 1093 ut
770 1051 822 1094 me
841 1029 912 1094 dius
931 1030 1037 1112 fidius,
1055 1029 1190 1113 iudices,

175 1120 298 1187 inritus
331 1141 370 1184 ea
401 1119 515 1184 dicam.
559 1117 684 1183 Vereor
715 1117 814 1199 enim,
846 1117 1038 1182 cuicuimodi
1070 1139 1119 1202 es,
1151 1117 1189 1183 Τ.
1205 1137 1230 1176 ro

176 1207 288 1291 Rosci,
319 1229 360 1272 ne
390 1207 438 1272 ita
464 1207 550 1271 hunc
577 1205 688 1270 uidear
714 1205 856 1271 voluisse
884 1227 1027 1290 servare,
1059 1209 1097 1270 ut
1125 1207 1191 1271 tibi

177 1297 308 1362 omnino
340 1316 406 1359 non
437 1294 644 1378 pepercerim.
690 1291 772 1359 Cum
801 1294 865 1359 hoc
889 1315 1004 1359 vereor
1032 1297 1065 1358 et
1092 1293 1190 1379 cupio

176 1383 239 1448 tibi
260 1383 370 1466 aliqua
393 1386 557 1466 exparte,
580 1381 666 1466 quod
689 1382 782 1448 salva
803 1382 866 1446 fide
888 1382 1022 1466 possm,
1043 1404 1191 1467 parcere,

176 1492 288 1536 rursus
306 1471 443 1535 immuto
462 1471 667 1536 voluntatem
685 1492 804 1553 meam3
827 1470 917 1536 venit
940 1469 1026 1534 enim
1048 1470 1133 1536 111111
1154 1471 1192 1536 in

114 1623 118 1636 ,
176 1563 318 1624 mentem
338 1559 404 1623 oris
426 1558 484 1622 tui
525 1557 621 1643 Tene,
644 1580 716 1623 eum
739 1560 839 1623 ceteri
861 1558 941 1623 socii
963 1558 1012 1622 tui
1034 1558 1191 1646 fugerent
1206 1576 1230 1616 1⁵

177 1669 215 1714 ac
246 1669 281 1713 se
313 1647 526 1730 occultarent,
557 1650 595 1712 ut
622 1647 684 1711 hoc
711 1646 866 1712 iudicium
892 1668 958 1711 non
987 1646 1025 1710 de
1052 1646 1191 1712 illorum
1274 1691 1275 1768 ,

176 1736 310 1822 praeda,
341 1736 397 1800 sed
425 1735 464 1800 de
486 1735 582 1800 huius
605 1735 765 1800 maleficio
787 1733 859 1800 fieri
881 1734 1058 1819 videretur,
1085 1737 1191 1819 potis·

177 1826 295 1890 simum
327 1824 390 1889 tibi
421 1827 531 1908 partes
559 1825 641 1888 istas
670 1823 911 1908 depoposcisse,
941 1826 978 1887 ut
1004 1823 1041 1887 in
1067 1823 1190 1890 iudicio

176 1935 342 1978 versarere
361 1915 394 1978 et
413 1912 540 1977 sederes
559 1934 632 1977 cum
651 1911 861 1977 accusatore?
895 1910 966 1987 Qua
986 1911 1022 1974 in
1044 1933 1080 1976 re
1103 1912 1191 1976 nihil

178 2002 266 2067 aliud
281 2001 475 2085 adsequeris,
492 1999 557 2065 nisi
570 2003 607 2064 ut
622 2000 663 2064 ab
678 1999 828 2084 omnibus
841 1999 1036 2064 mortalibus
1051 2000 1192 2065 audacia
1205 2019 1230 2058 2⁰

125 2093 235 2154 961111
266 2092 482 2175 cognoscatur
513 2091 546 2152 et
576 2087 786 2172 impudentia
831 2086 945 2153 Occiso
972 2085 1189 2154 8111111111

177 2176 249 2261 quis
267 2177 393 2262 primus
407 2175 575 2241 Ameriam
593 2175 745 2241 nuntiat?
777 2174 910 2240 Mallius
926 2174 1071 2261 Glaucia,
1091 2199 1189 2261 quem

177 2264 243 2328 iam
271 2265 569 2347 1111111111111,
595 2268 671 2329 tuus
694 2263 794 2329 111111
817 2263 1055 2329 etfamiliaris.
1103 2264 1190 2340 Quid
1272 2305 1273 2310 κ

178 2351 312 2418 attinuit
341 2374 415 2417 eum
441 2352 648 2437 potissimum
675 2352 839 2436 nuntiare,
871 2352 970 2437 quod,
1002 2352 1030 2416 ri
1057 2353 1189 2418 nullum

96 2475 99 2482 ·
176 2439 242 2505 iam
262 2443 338 2504 ante
355 2440 526 2506 eonsilium
545 2441 584 2505 de
603 2443 709 2505 morte
732 2462 769 2506 ae
793 2440 832 2504 de
854 2440 949 2506 bonis
972 2440 1042 2505 eius
1065 2440 1188 2508 inieras
1204 2458 1230 2498 2⁶

176 2529 364 2612 nullamque
397 2529 586 2594 societatem
617 2550 720 2612 neque
752 2528 883 2593 sceleris
914 2549 1017 2612 neque
1048 2531 1189 2615 praemii

177 2637 249 2681 cum
270 2615 401 2681 homine
424 2617 492 2681 ullo
516 2617 648 2700 coieras,
671 2616 713 2681 ad
735 2619 768 2680 te
791 2616 924 2682 minime
948 2615 1094 2682 omnium
1117 2641 1189 2704 per·

104 2775 109 2785 ,
176 2704 325 2769 tinebat?
338 2740 380 2750 -
394 2701 459 2770 Sua
469 2708 586 2790 sponte
596 2704 728 2769 Mallius
738 2705 877 2770 nuntiat
894 2741 931 2752 -
949 2703 1042 2786 Quid,
1056 2722 1188 2790 quaeso,

176 2793 245 2858 eius
272 2793 450 2858 intererat?
495 2791 561 2876 An,
592 2815 665 2858 eum
692 2792 859 2858 Ameriam
885 2814 952 2858 non
977 2793 1113 2860 huiusce
1140 2795 1189 2860 rei

101 2963 102 2968 ἵ
176 2903 274 2947 eausa
310 2880 465 2966 venisset,
504 2903 582 2948 casu
618 2880 747 2966 accidit,
783 2884 820 2945 ut
856 2880 903 2964 id,
939 2881 1025 2965 quod
1061 2881 1188 2950 Romae
1202 2900 1229 2941 so

176 2970 336 3052 audierat,
363 2970 488 3054 primus
509 2967 697 3034 nuntiaret?
739 2967 838 3035 Cuius
861 2968 909 3034 rei
931 2991 1029 3034 causa
1052 2975 1189 3037 venerat

175 3057 366 3124 Ameriam?
402 3056 490 3124 ‘Non
516 3057 671 3142 possum',
693 3057 809 3142 inquit,
832 3056 1010 3122 ‘divinare'
1046 3057 1098 3124 Eo
1118 3082 1189 3125 rem
1270 3127 1271 3130 ,

101 3167 107 3178 ·
176 3144 242 3211 iam
258 3146 423 3231 adducam,
439 3149 477 3212 ut
490 3145 574 3210 nihil
588 3145 786 3211 divinatione
801 3167 881 3230 opus
897 3145 949 3211 sit.
974 3144 1044 3221 Qua
1058 3148 1188 3214 ratione

109 3307 111 3310 ¹
177 3233 213 3298 Τ.
231 3233 350 3300 Roscio
374 3231 526 3319 Capitoni
548 3233 689 3318 primum
709 3233 894 3300 nuntiarit?
932 3232 1014 3300 (lum
1033 3233 1188 3302 Ameriae
1270 3227 1271 3251 ¹

176 3317 246 3384 Sex.
260 3321 359 3387 Rosci
378 3321 501 3406 domus,
523 3343 605 3386 uror
622 3321 780 3406 liberique
803 3325 921 3406 essent,
943 3343 1017 3388 oum
1039 3326 1091 3388 tot
1115 3347 1188 3409 pro
1201 3341 1229 3382 11
1269 3395 1270 3414 ,

175 3405 290 3554 pinqui
321 3410 515 3494 cognatique
547 3409 670 3494 optime
696 3409 937 3494 convenientes,
969 3433 1033 3495 qua
1058 3413 1188 3480 ratione

191 3496 299 3557 actum
327 3499 390 3580 est,
420 3500 458 3562 ut
484 3497 547 3561 iste
573 3499 649 3561 tuus
673 3497 787 3582 eliens,
814 3497 945 3564 sceleris
970 3499 1021 3566 tui
1041 3501 1188 3586 nuntiue,
