2558 3884
166 189 234 254 274
469 188 509 242 IN
529 188 558 244 O.
573 187 728 242 VERREM
746 187 826 244 AcT.
845 186 878 242 II

165 355 262 419 saepe
284 332 501 419 frugalissimi
523 297 685 417 homines,
708 332 881 398 excludunt
866 335 929 396 tur.
968 329 1022 394 Ex·
1045 352 1112 414 qno
1136 329 1186 393 in·

164 422 281 508 tellegi
301 425 412 507 potest
434 443 489 486 eos
512 422 605 487 vobis
629 443 700 486 esse
723 421 921 504 carissimos,
944 419 999 503 qui
1022 417 1072 483 ita
1094 418 1185 484 uixe

164 511 245 595 rint,
272 514 310 575 ut
338 510 407 575 sine
432 513 504 575 vest
505 532 542 575 ro
566 509 728 595 praesidio
753 509 837 574 salvi
859 529 929 574 esse
951 507 1184 591 nonpossint.

130 614 146 662 9
165 561 271 674 Quid?
288 599 352 665 hoc
365 598 516 682 cuiquam
529 598 697 663 ferendum
711 603 807 683 putas
827 619 906 681 esse,
922 618 984 662 noe
1002 597 1051 660 ita
1069 595 1184 660 vivere

164 688 200 752 in
226 686 364 773 pecunia
386 687 489 770 tenui,
516 690 554 751 nt
576 707 710 772 prorsus
732 686 817 750 nihil
841 685 1007 770 acquirere
1029 684 1183 768 velimus,
1198 701 1213 742 τι

165 779 202 840 ut
235 775 378 862 dignitat
379 797 430 840 em
462 737 611 840 riostram
642 775 819 859 populique
851 773 991 839 Romani
1021 735 1185 838 beneficia

164 885 232 929 uon
250 864 360 949 copiis,
383 863 440 928 sed
458 863 580 929 virtute
601 863 827 945 tueamur,1st
828 885 883 927 um
906 862 1004 926 rebus
1028 861 1184 926 omnibus

165 952 307 1037 undique
330 952 483 1035 ereptis
473 973 605 1037 rmpune
629 913 813 1016 eludentem
836 950 1058 1016 circumfluere
1081 953 1183 1034 atque

166 1042 352 1106 abundare?
375 1040 472 1105 huius
492 1043 629 1126 argento
652 1040 795 1104 dominia
813 1043 933 1122 vestra,
955 1038 1052 1103 huius
1076 1039 1182 1123 signis

166 1134 200 1194 et
217 1129 340 1194 tabulis·
359 1128 468 1194 forum
492 1129 724 1213 comitiumque
746 1128 866 1212 ornari,
888 1127 1083 1211 praesertim
1106 1149 1182 1191 cum
1198 1145 1224 1184 ιο

165 1239 224 1282 vos
238 1220 348 1283 vestro
363 1216 470 1282 Marte
483 1217 535 1282 his
550 1217 647 1282 rebus
662 1217 813 1282 omnibus
828 1216 1022 1281 abundetis?
1041 1214 1182 1280 Verrem

166 1327 247 1390 esse,
272 1305 327 1388 qui
345 1307 473 1370 vestras
492 1305 590 1370 villas
609 1307 675 1370 suis
699 1305 862 1371 manubiis
885 1305 1001 1370 ornet?
1041 1302 1183 1368 Verrem

166 1414 245 1477 esse,
260 1393 316 1477 qui
329 1413 402 1457 cum
415 1393 616 1459 L.Mummio
630 1396 743 1477 certet,
761 1397 799 1458 ut
816 1394 924 1477 plures
942 1393 996 1458 hic
1015 1392 1182 1457 sociorum

165 1481 262 1546 urbes
281 1502 379 1566 quam
397 1480 455 1545 ille
472 1482 618 1547 hostium
637 1481 795 1565 spoliasse
814 1481 971 1564 videatur,
993 1481 1106 1566 plures
1128 1480 1182 1546 hie

164 1569 261 1634 villas
273 1570 473 1634 ornamentis
481 1571 633 1635 fanorum
642 1592 740 1655 quam
749 1570 806 1634 ille
814 1569 893 1634 fana
903 1569 1017 1653 spoliis
1031 1568 1181 1633 hostium
1196 1585 1221 1625 1⁵

166 1658 320 1722 ornasse?
344 1661 378 1723 et
394 1657 424 1723 is
443 1659 506 1723 erit
524 1660 567 1724 ob
585 1681 658 1724 eam
676 1680 745 1724 rem
763 1658 857 1724 vobis
880 1658 994 1742 carior,
1017 1661 1055 1722 ut
1081 1658 1182 1722 ceteri

126 1747 321 1864 5libentius
349 1766 409 1812 suo
435 1748 579 1831 periculo
606 1747 725 1812 vestris
753 1747 986 1831 cupiditatibus
1012 1746 1181 1811 serviant?

114 1878 147 1926 10
232 1833 356 1900 Verum
382 1834 463 1901 haec
491 1838 524 1900 et
552 1835 698 1901 dicentur
725 1835 792 1900 alio
821 1836 894 1901 loco
921 1838 955 1900 et
983 1834 1181 1918 dictasunt,

165 1945 251 1990 nunc
270 1923 510 2008 proficiscemur
529 1924 570 1989 ad
588 1924 722 2008 reliqua,
746 1924 774 1988 si
794 1946 899 2009 pauca
922 1926 998 1988 ante
1020 1922 1180 1987 fuerimus

166 2035 187 2077 a
208 2013 316 2096 vobis,
343 2012 478 2096 iudices,
505 2012 677 2096 deprecati.
721 2009 893 2096 Superiora
917 2011 1006 2076 omni
1030 2013 1180 2077 oratione
1193 2029 1219 2068 ιι

165 2104 370 2184 perattentos
397 2104 524 2166 vestros
553 2101 679 2165 animos
706 2100 889 2165 habuimus.
934 2098 974 2163 Id
995 2098 1061 2164 fuit
1083 2100 1181 2166 nobis

167 2192 299 2272 gratum
322 2189 509 2273 admodum3
537 2189 593 2254 sed
616 2189 722 2254 multo
746 2189 808 2253 erit
831 2187 971 2274 gratius,
1000 2188 1029 2252 si
1052 2189 1182 2273 reliqua

165 2275 284 2339 voletis
304 2276 480 2362 attendere,
500 2281 675 2362 propterea
693 2276 779 2361 quod
797 2277 891 2341 iniis
911 2276 1073 2360 omnibus,
1099 2299 1181 2361 qnae

167 2366 264 2427 antea
292 2364 379 2428 dicta
406 2369 497 2449 sunt,
525 2369 596 2431 erat
617 2365 776 2450 quaedam
800 2386 839 2429 ex
862 2365 934 2449 ipsa
956 2365 1122 2430 verietate
1145 2388 1182 2430 ac

165 2451 314 2516 novitate
333 2473 443 2518 rerum
466 2457 500 2518 et
522 2454 694 2519 eriminum
718 2454 905 2537 delectati03
926 2475 1013 2519 uuna
1035 2456 1217 2519 tractares

166 2560 297 2604 causam
324 2540 526 2606 instituimus
553 2542 815 2625 frumentariam,
843 2563 925 2625 quae
953 2542 1182 2627 magnitudine

165 2628 302 2692 iniuriae
335 2632 368 2692 et
394 2651 429 2694 re
457 2630 646 2696 criminibus
674 2629 789 2695 ceteris
818 2630 1005 2713 antecellet,
1036 2630 1182 2696 iucundi-

166 2716 245 2782 tatis
273 2717 309 2780 in
336 2718 462 2803 agendo
490 2723 523 2785 et
545 2719 715 2784 varietatis
739 2719 845 2783 miuus
868 2718 1013 2783 habebit.
1060 2718 1183 2785 Vestra

167 2809 277 2871 autem
290 2806 486 2871 auctoritate
498 2812 531 2872 et
545 2807 718 2891 prudentia
732 2807 959 2893 dignissimum
974 2809 1034 2891 est,
1048 2808 1182 2891 iudices,

166 2895 201 2960 in
233 2894 382 2959 audiendi
415 2895 586 2982 diligentia
616 2917 683 2960 non
714 2895 820 2960 minus
853 2895 1007 2981 religioni
1034 2896 1181 2962 tribuere
1195 2911 1218 2952 ιο

117 2998 147 3045 ιι
168 3006 266 3068 quam
281 2984 453 3068 voluptati.
485 2983 524 3049 In
537 2984 600 3049 hac
614 3005 712 3050 causa
724 2983 940 3048 frumentaria
954 2985 1183 3070 cognoscenda

166 3071 247 3137 haec
269 3073 363 3137 vobis
386 3074 574 3158 proponite,
601 3073 736 3156 iudices,
759 3093 818 3137 vos
842 3071 881 3136 de
904 3072 1000 3137 rebus
1023 3072 1182 3138 fortunis-

167 3182 229 3243 que
253 3158 434 3226 Siculorum
459 3161 640 3245 [omnium],
664 3161 702 3225 de
725 3160 843 3225 civium
866 3160 1102 3245 Romanorum,
1127 3163 1182 3246 qui

167 3253 262 3313 arant
288 3249 324 3312 in
351 3248 475 3333 Sicilia,
505 3251 614 3333 bonis,
642 3249 680 3312 de
708 3248 923 3334 vectigalibus
951 3271 971 3313 a
998 3213 1182 3315 maioiibus
1274 3279 1275 3294 ι

166 3335 278 3398 tradit
254 3340 310 3417 t1s,
339 3338 377 3401 de
405 3339 493 3402 victu
519 3338 568 3401 ιιι
571 3359 654 3421 aque
679 3337 793 3420 populi
815 3337 955 3402 Romani
978 3339 1181 3423 cognituros.
1194 3353 1217 3394 ³⁵

167 3420 301 3494 Quae
275 3442 303 3483 s1
325 3445 446 3522 magna
469 3427 566 3507 atque
590 3425 669 3488 adeo
693 3425 834 3488 maxima
857 3425 950 3490 vobis
971 3425 1181 3510 uidebuntur,

168 3527 263 3584 quam
279 3509 367 3571 varie
385 3513 417 3572 et
436 3532 533 3592 quam
553 3511 683 3594 copiose
701 3511 849 3576 dieantur
850 3517 1048 3597 ,expectare
1066 3515 1181 3580 nolite.
