2622 3884
215 229 281 294 390
515 226 555 280 IN
574 225 603 282 0.
617 225 772 281 VERREM
790 224 868 280 AOT.
888 223 921 280 H.

214 372 394 458 perfectum
403 372 562 456 templum
573 370 900 454 offenderent,'neque
913 390 1034 456 ponere
1047 373 1220 454 potnerunt
1292 401 1293 458 3

214 483 319 546 neque
345 460 446 546 vulgo
473 459 642 524 ostendere
670 480 708 524 ac
734 456 880 542 proferre
907 459 1095 542 voluenmt,
1125 462 1163 524 ut
1190 462 1221 523 et
1292 459 1293 472 ²

216 548 477 636 magnificentius
509 547 685 632 videretur,
716 569 790 613 cum
818 567 877 612 suo
904 549 1052 633 tempore
1079 547 1115 611 in
1142 547 1222 613 cella

216 637 304 703 Iovis
345 636 461 722 optimi
501 635 635 702 maximi
674 638 862 720 poneretur,
905 639 938 700 et
978 635 1110 719 clarius,
1151 656 1223 701 curn

216 725 424 811 pulchritudo
443 724 512 789 eius
531 745 641 790 recens
665 723 706 789 ad
729 724 839 789 oculos
861 722 1031 789 hominum
1054 727 1152 808 atque
1173 724 1247 789 ins

217 819 313 900 tegra
338 814 535 899 perveniret3
563 815 748 878 statuerunt
775 812 809 877 id
837 833 945 877 aecum
969 812 1005 876 in
1026 809 1155 896 Syriam
1177 833 1225 877 re
1293 853 1294 876 η

216 905 363 988 portare,
390 905 440 986 ut,
467 923 540 967 cum
567 900 734 966 audissent
761 900 971 966 simulacrum
992 899 1081 966 Iovis
1109 900 1226 986 optimi

217 991 352 1057 maximi
371 990 562 1074 dedicatum,
585 990 713 1073 legatos
732 988 911 1072 mitterent,
934 988 1086 1073 quicum
1109 989 1225 1055 ceteris

217 1080 314 1145 rebus
337 1078 420 1144 illud
443 1098 570 1162 quoquc
593 1077 746 1143 eximium
770 1099 805 1143 ac
828 1076 1083 1162 pulcherrimum
1105 1076 1227 1143 donum

217 1167 252 1232 in
272 1165 471 1252 Capitolium
495 1165 668 1230 adferrent.
703 1165 857 1231 Pervenit
878 1186 930 1230 res
954 1165 995 1231 ad
1017 1165 1113 1231 istius
1135 1166 1226 1231 auris
1241 1189 1264 1226 u
1294 1124 1295 1206 i

217 1256 327 1320 nescio
350 1276 413 1338 quo
437 1253 546 1337 modo;
573 1275 650 1318 nam
672 1274 730 1318 rex
751 1253 785 1318 id
808 1253 949 1318 celatum
971 1254 1133 1339 voluerat,
1160 1275 1228 1320 non

217 1342 1228 1516 llrllllltullissit?“lustrali,llil

217 1518 393 1584 Romanus.
437 1515 505 1583 Iste
532 1517 617 1602 petit
644 1541 664 1582 a
690 1538 768 1604 rege
794 1521 827 1583 et
849 1539 923 1583 eum
946 1518 1094 1602 pluribus
1116 1519 1227 1584 verbis
1295 1541 1296 1582 r

218 1610 329 1694 rogat,
356 1610 394 1671 ut
418 1605 453 1670 id
481 1605 522 1672 ad
549 1627 583 1670 se
611 1606 736 1690 mittat3
764 1627 880 1690 cupere
907 1627 942 1671 se
966 1606 1043 1672 dicit
1065 1607 1264 1694 inspiceres
1295 1627 1296 1630 ¹

165 1710 200 1760 eo
217 1716 323 1780 neque
342 1716 377 1760 se
396 1694 469 1758 aliis
487 1694 616 1760 videndi
639 1697 837 1779 potestatem
860 1715 930 1760 esse
952 1693 1124 1760 facturum.
1160 1697 1228 1760 An·

217 1783 359 1869 tiochus,
382 1783 438 1869 qui
461 1783 569 1848 animo
592 1784 626 1848 et
648 1782 766 1867 puerili
788 1786 875 1847 earet
897 1785 931 1868 et
953 1782 1058 1870 regio,
1079 1783 1164 1848 nihil
1188 1785 1227 1849 de

217 1872 314 1937 istius
336 1871 546 1956 improbitate
570 1871 753 1955 suspicatus
777 1874 839 1956 est,
864 1870 1005 1955 imperat
1028 1871 1109 1955 suis,
1133 1875 1171 1937 ut
1193 1873 1227 1938 id

217 1960 253 2025 in
270 1961 471 2046 praetorium
488 1959 672 2025 involutum
691 1981 790 2043 quem
812 1959 1030 2025 occultissime
1053 1959 1226 2026 deferrent.

219 2047 290 2124 Quo
308 2052 521 2134 posteaquam
540 2048 722 2113 attulerunt
739 2047 978 2132 involucrisque
1000 2048 1129 2114 reiectis
1153 2071 1226 2116 con·
1240 2070 1263 2108 ro

218 2137 403 2219 stituerunt,
426 2137 567 2201 clamare
585 2136 648 2201 iste
666 2136 773 2220 coepit
792 2135 1012 2222 dignam'rem
1028 2158 1100 2202 esse
1122 2159 1226 2225 regno

217 2223 341 2309 Syriae,
355 2224 488 2310 dignam
497 2223 588 2308 regio
599 2245 739 2308 munere,
753 2223 886 2311 dignam
896 2222 1068 2309 Capitolio.
1091 2224 1226 2291 Etenim

217 2315 289 2378 crat
315 2332 353 2377 eo
377 2310 560 2396 splendore,
588 2313 644 2394 qui
667 2333 706 2377 ex
729 2312 917 2378 clarissimis
941 2316 975 2378 et
996 2312 1225 2397 pulcherrimis

218 2399 355 2486 gemmis
388 2420 458 2464 esse
490 2399 642 2484 debebat,
674 2421 712 2466 ea
738 2401 898 2467 uarietate
926 2421 1073 2485 opernm,
1103 2405 1142 2467 ut
1170 2425 1225 2468 ars

217 2491 342 2554 certare
369 2486 531 2553 videretur
559 2509 631 2553 cum
656 2488 762 2572 copia,
790 2510 828 2553 ea
850 2487 1087 2575 magnitudine,
1114 2493 1153 2555 ut
1174 2491 1225 2556 in·
1240 2510 1263 2550 25

216 2576 333 2662 tellegi
362 2579 474 2661 posset
504 2598 570 2641 non
596 2576 638 2640 ad
665 2575 834 2642 hominum
861 2577 1066 2662 adparatum,
1098 2577 1156 2644 sed
1184 2579 1227 2644 ad

218 2664 413 2750 amplissimi
439 2664 555 2749 templi
582 2668 733 2729 ornatum
761 2686 831 2730 csse
857 2664 989 2732 iactum.
1033 2663 1114 2731 Oum
1142 2669 1225 2733 satis

217 2752 993 2926 ltttdtldltltdltuditis
1006 2754 1226 2910 rihhilt:

216 2951 422 3015 nequaquam
445 2951 480 2994 se
503 2947 572 2992 esse
595 2928 765 3014 satiatum3
792 2929 883 2994 iubet
905 2930 982 2996 illos
1005 2929 1166 2998 discedere
1191 2894 1226 2999 ei
1239 2951 1263 2989 ³⁰

217 3018 447 3084 candelabrum
475 3016 664 3101 relinquere.
710 3014 763 3082 Sic
789 3017 934 3084 illitum
955 3019 1067 3085 inanes
1092 3019 1132 3085 ad
1157 3019 1226 3088 An·

216 3106 362 3172 tiochum
384 3107 600 3171 revertuntur.

283 3195 352 3259 Rex
367 3194 471 3279 prim0
485 3192 568 3258 nihil
582 3198 735 3280 metuere,
753 3194 836 3259 nihil
855 3195 1025 3281 suspicari3
1044 3195 1112 3262 dies
1130 3219 1225 3283 unus,

218 3283 315 3366 alter,
344 3283 467 3367 plurcs3
494 3303 560 3347 non
587 3281 709 3348 referri.
755 3282 838 3348 Turn
864 3284 982 3369 mittit,
1009 3284 1039 3349 si
1065 3284 1225 3371 videatur,

216 3373 255 3435 ut
272 3369 394 3434 reddat.
434 3369 530 3435 Iubet
548 3369 611 3435 iste
628 3371 790 3454 posterius
814 3372 855 3437 ad
878 3393 912 3438 se
935 3373 1063 3438 reuerti.
1102 3371 1224 3439 Mirum
1238 3391 1262 3432 ³⁵

216 3457 268 3521 illi
286 3456 401 3540 videri,
420 3458 525 3521 mittit
541 3458 672 3542 iterum,
691 3481 758 3524 non
774 3459 928 3525 redditur.
963 3459 1038 3546 Ipse
1057 3460 1225 3528 hominem

218 3543 376 3628 appellat,
406 3547 516 3629 rogat,
538 3548 576 3609 ut
598 3546 720 3611 reddat.
766 3545 810 3611 Os
832 3547 974 3613 hominis
998 3548 1224 3635 insignemque

164 3165 207 3292 Ξὲ
