2576 3882
304 175 372 232 um.
391 175 417 230 Π
449 175 526 231 cnr.
547 182 652 233 rr-ac
670 183 686 244 s
705 183 853 234 rsa-rar.
1012 137 1082 244 ,267

72 319 239 385 attendite.
277 318 338 383 His
372 320 665 403 exportationibus,
698 343 780 406 quae
811 324 967 388 recitatae
998 327 1083 406 sunt,

73 408 187 474 scribit
206 405 262 472 HS
280 410 328 472 ΙΤΧ
352 407 457 472 socios
481 408 660 492 perdidisse
683 431 722 474 ex
744 410 921 476 vicensima
944 412 1083 497 portorii

73 495 250 581 Syracusis.
290 496 442 561 Pauculis
467 496 569 582 igitur
592 497 771 581 mensibus,
796 503 834 563 ut
857 499 892 564 hi
914 501 1027 584 pusilli
1050 505 1083 565 et
1109 539 1112 545 ·

73 584 253 669 contempti
271 584 376 650 libelli
394 584 548 669 indicant,
569 584 659 650 furta
677 589 847 671 praetoris,
870 609 952 672 quae
974 591 1083 654 essent

41 670 128 738 sHS
148 677 250 757 &Sc-c,
275 695 314 738 cx
337 694 401 738 uno
426 672 545 758 oppido
568 674 639 738 solo
663 679 835 757 exportata
858 680 943 740 sunt.
989 675 1084 763 Cogi-

72 765 142 827 tate
168 783 266 844 nunc,
294 784 367 826 cum
394 760 454 825 illa
477 760 588 826 Sicilia
611 762 668 845 sit,
694 762 757 827 hoc
780 767 830 827 est
852 764 972 848 insula,
1001 787 1083 849 quae

72 850 213 933 undique
232 850 336 914 exitus
355 848 537 914 maritimos
556 849 686 934 habeat,
709 851 786 935 quid
805 873 843 915 ex
862 852 978 916 ceteris
1001 853 1083 918 locis

73 941 281 1022 exportatum
294 937 426 1022 putetis,
441 937 718 1024 quidAgrigcntO,
733 939 810 1023 quid
823 937 991 1024 lilybaeo,
1006 940 1084 1024 quid

72 1025 272 1109 Panhormo,
296 1027 373 1110 quid
391 1025 554 1110 Thermis,
578 1027 656 1110 quid
675 1026 832 1112 Halaesa,
856 1029 933 1112 quid
956 1026 1083 1112 Catina,

27 1136 57 1175 ιο
73 1114 152 1199 quid
171 1136 209 1179 ex
227 1114 342 1179 ceteris
362 1113 499 1199 oppidis,
523 1114 600 1199 quid
622 1136 700 1180 vero
717 1115 878 1200 Messana,
902 1138 997 1201 quem
1020 1117 1083 1181 iste

74 1199 258 1268 sibi'looum
273 1203 413 1268 maxime
431 1206 540 1267 tutum
559 1225 629 1268 csse
648 1204 881 1288 arbitrabatur,
899 1204 956 1269 ubi
975 1205 1083 1270 animo

74 1313 201 1375 semper
228 1291 337 1356 soluto
362 1291 530 1376 liberoque
554 1295 637 1375 erat,
666 1294 752 1376 quod
776 1293 839 1357 sibi
861 1293 924 1357 iste
947 1292 1084 1358 Mamer-

72 1380 160 1445 tinos
184 1379 363 1465 delegerat,
392 1379 433 1443 ad
456 1401 536 1463 quos
561 1380 683 1463 omnia,
708 1403 790 1465 quac
814 1385 871 1447 aut
895 1381 1084 1467 diligentius

73 1467 233 1533 servanda
260 1471 317 1532 aut
344 1467 501 1533 occultius
531 1469 732 1552 exportanda
754 1473 860 1553 erant,
889 1469 1085 1554 deportaret.

27 1574 57 1618 1⁵
73 1556 136 1621 His
163 1555 303 1621 inventis
331 1555 452 1620 libellis
477 1557 575 1620 ceteri
598 1557 717 1621 remoti
739 1561 773 1622 et
795 1558 984 1644 diligentius
1009 1563 1085 1623 sunt

73 1644 245 1728 reconditi,
272 1665 331 1708 nos
360 1649 483 1727 tamen,
510 1647 548 1707 ut
575 1665 686 1709 omnes
714 1645 911 1731 intellegant
938 1647 1000 1711 hoc
1024 1669 1084 1711 nos

74 1732 144 1798 sine
164 1733 340 1817 cupiditate
360 1753 466 1818 agere,
488 1731 539 1796 his
558 1731 640 1815 ipsis
658 1732 780 1796 libellis
800 1735 945 1798 contenti
964 1755 1083 1798 sumus.
1096 1774 1137 1839 76

140 1819 234 1886 Nunc
249 1821 290 1885 ad
305 1821 465 1885 sociorum
479 1819 610 1884 tabulas
630 1821 754 1903 accepti
773 1824 806 1885 et
825 1821 966 1905 expensi,
985 1843 1065 1904 quas
1087 1851 1138 1902 186

72 1931 240 1975 removere
254 1909 390 1974 honeste
403 1908 495 1973 nullo
514 1908 611 1972 modo
629 1912 815 1992 potuerunt,
834 1912 867 1972 et
886 1907 927 1972 ad
946 1909 1085 1972 amicum

27 2017 59 2058 ao
73 2003 169 2064 tuum
197 1996 422 2080 Carpinatium
449 2000 657 2061 revertemur.
707 1996 963 2080 Inspiciebamus
992 1994 1086 2081 Syra·

73 2085 160 2153 cusis
189 2109 208 2150 a
231 2085 421 2170 Carpinatio
449 2083 612 2150 confectas
640 2085 771 2149 tabulas
795 2083 975 2168 societatis,
1003 2107 1085 2168 quac

74 2174 305 2261 significabant
323 2174 436 2238 multis
458 2173 645 2238 nominibus
668 2194 724 2238 eos
746 2173 895 2238 hominos
918 2195 1085 2238 versuram

74 2287 94 2328 a
125 2261 316 2346 Carpinatio
347 2262 475 2345 fecisse,
510 2262 566 2346 qui
596 2261 748 2344 pecunias
777 2261 874 2327 Verri
906 2261 1085 2344 dedissent3

74 2350 163 2436 quod
190 2351 252 2415 erit
278 2351 371 2416 vobis
399 2351 470 2415 luce
498 2349 630 2432 clarius,
657 2349 791 2433 iudices,
818 2354 903 2434 tum,
931 2373 1004 2414 cum
1029 2370 1085 2414 eos

26 2458 57 2500 aa
72 2440 165 2524 ipsos
186 2438 381 2524 produxero,
406 2437 461 2522 qui
484 2437 648 2502 dederunt.
688 2437 894 2524 Intellegetis
918 2438 1002 2502 enim
1026 2437 1087 2503 illa

73 2532 238 2612 tempora,
268 2549 326 2612 per
359 2549 454 2612 quae,
486 2547 558 2591 cum
591 2529 700 2589 essent
728 2526 764 2589 in
790 2526 949 2610 periculo,
979 2526 1107 2609 pretio·

74 2637 147 2680 sese
179 2616 397 2698 redemerunt,
430 2636 503 2679 cum
535 2612 700 2679 societatis
732 2614 855 2678 tabulis
886 2636 953 2679 non
979 2614 1086 2679 solum

75 2704 281 2788 oonsulibus,
308 2725 419 2769 verum
448 2702 547 2766 etiam
575 2701 741 2768 mensibus
764 2703 945 2768 convenire.
986 2700 1068 2767 (lum
1089 2703 1139 2754 187

72 2792 139 2856 hoc
150 2792 290 2857 maxime
304 2811 571 2876 cognosceremus
587 2793 620 2853 et
634 2790 727 2872 [iam]
742 2790 776 2854 in
791 2790 941 2855 manibus
955 2790 1086 2853 tabulas

27 2900 57 2939 ro
72 2880 280 2962 haberemus,
303 2883 434 2962 repente
454 2877 627 2963 aspicimus
649 2878 766 2943 lituras
790 2879 858 2943 eius
883 2877 970 2942 modi
994 2876 1087 2962 quasi

73 2968 236 3052 quaedam
263 2968 398 3033 vulnera
425 2967 612 3031 tabularum
639 2967 790 3032 recentia.
836 2965 955 3031 Statim
985 2964 1087 3050 suspi-

72 3057 167 3122 cione
200 3056 314 3121 offensi
347 3055 387 3120 ad
415 3077 452 3119 ea
479 3055 552 3139 ipsa
578 3055 712 3120 nomina
739 3055 851 3120 oculos
879 3053 1087 3136 animumque

72 3145 313 3210 transtulimus.
358 3143 463 3209 Erant
491 3146 640 3226 acceptae
669 3143 823 3227 pecuniae
851 3141 886 3207 O.
905 3141 1086 3206 Vunnucro

73 3232 109 3298 O.
129 3249 171 3316 r,
195 3233 240 3298 sic
259 3237 377 3316 tamen,
401 3235 562 3314 utusque
586 3230 627 3295 ad
650 3233 789 3296 alterum
808 3231 837 3294 R
860 3231 991 3295 litterae
1015 3251 1088 3295 eon·

24 3324 204 3386 aestarent
239 3321 401 3406 integrae,
436 3319 582 3402 reliquae
619 3340 730 3383 omnes
768 3322 876 3383 essent
907 3318 943 3383 in
974 3318 1088 3403 litura,

73 3410 231 3492 alterum,
262 3411 409 3492 tertium,
438 3410 604 3492 quartum,
630 3407 796 3490 permulta
823 3409 917 3471 erant
944 3406 1087 3472 eiusdem

70 3497 165 3563 modi
196 3499 337 3562 nomina.
387 3495 469 3562 Cum
502 3494 676 3560 manifesta
707 3517 759 3560 res
792 3495 957 3582 flagitiosa
986 3495 1088 3561 litura
