2622 3884
369 227 437 284 Lm.
452 228 491 283 lv
519 227 597 285 cnP.
618 235 659 298 10,
679 235 712 284 11
732 235 747 296 s
766 236 880 286 rr-ro.
1062 232 1127 298 373

115 375 208 442 tate?
241 379 353 440 utrum
376 395 474 459 quam
498 375 584 459 apud
605 377 755 440 senatum
778 397 819 440 an
844 397 941 460 quam
964 376 1051 462 apud
1072 399 1128 462 po·

116 464 231 551 pulum
253 463 438 529 Romanum
459 462 581 528 habere
603 463 751 528 debetis?

183 551 296 636 Ecqua
314 551 429 618 civitas
448 555 499 617 est
516 573 583 618 non
601 552 725 633 [modo]
744 551 779 616 in
797 552 973 637 provinciis
995 554 1128 640 nostris,
1146 567 1180 618 25

116 663 231 708 uerum
252 640 288 705 in
306 639 431 705 ultimis
453 639 642 706 nationibus
666 643 724 706 aut
747 642 816 705 tam
838 643 955 726 potens
979 645 1037 706 aut
1058 645 1128 708 tam

87 730 222 796 alibero
236 732 293 796 out
311 729 411 794 etiam
429 731 498 794 tam
516 727 669 794 immanis
687 750 726 794 ac
743 728 894 814 barbara,
915 751 972 794 rex
990 730 1127 816 denique
1215 785 1218 792 .

117 819 226 904 ecquis
242 821 300 901 est,
319 817 374 903 qui
388 820 573 883 senatorem
585 816 701 902 populi
713 815 855 882 Romani
868 821 955 883 tecto
975 840 1012 884 ac
1031 819 1127 885 domo

8 993 9 998 ἵ
115 929 183 973 non
195 906 335 972 invitet?
359 906 415 990 qui
428 906 532 972 honos
550 927 617 970 non
635 905 760 1008 homini
779 905 886 1008 solum
903 906 1052 1008 habetur,
1071 908 1127 973 sed

115 1017 263 1150 sitit
281 994 1129 1168 restitisseerraterrat?

73 1190 103 1230 1⁰
117 1172 229 1258 gravis
256 1171 319 1236 erit
347 1171 432 1256 apud
459 1172 564 1237 socios
591 1175 624 1236 et
647 1175 774 1236 exteras
796 1172 960 1257 nationes,
986 1172 1129 1238 obierit

115 1260 246 1346 imperii
275 1281 395 1325 nomen
426 1263 460 1325 et
491 1259 657 1346 dignitas?
705 1259 894 1326 Mamertini
920 1282 972 1326 ma
999 1260 1129 1345 publice

114 1369 184 1414 non
213 1348 402 1413 invitarunt.
450 1347 504 1413 Me
531 1370 604 1414 cum
632 1346 717 1433 dico,
748 1349 819 1413 leve
849 1351 912 1432 est3
944 1353 1128 1414 senatorem

115 1437 230 1522 populi
256 1435 397 1502 Romani
424 1435 453 1501 si
479 1459 546 1501 non
571 1436 767 1520 invitarunt,
798 1436 957 1503 honorem
981 1437 1128 1504 debitum

117 1525 328 1590 detraxerunt
344 1545 411 1590 non
430 1523 565 1609 homini,
589 1525 645 1589 sed
668 1525 782 1589 ordini.
822 1523 910 1591 Nam
932 1525 997 1610 ipsi
1018 1525 1127 1592 Tullio

73 1629 102 1672 15
117 1614 254 1699 patebat
268 1613 382 1679 domus
397 1613 655 1698 locupletissima
668 1616 701 1678 et
716 1613 919 1698 amplissima
929 1613 985 1679 On.
992 1613 1129 1698 Pompei

116 1701 282 1786 Basilisci,
306 1723 383 1787 quo,
407 1701 538 1766 etiamsi
555 1705 641 1767 esset
662 1701 821 1766 invitatus
845 1725 865 1767 a
886 1702 994 1787 vobis,
1017 1706 1129 1768 tamon

117 1790 326 1874 devertisset3
353 1793 424 1856 erat
451 1790 551 1855 etiam
573 1788 836 1874 Percenniorum,
864 1789 920 1874 qui
940 1811 1027 1856 nunc
1048 1791 1129 1856 item

117 1879 264 1964 Pompeii
283 1881 367 1964 sunt,
387 1878 502 1944 domus
521 1877 761 1962 honestissima,
785 1899 849 1962 quo
867 1877 903 1944 L.
916 1876 1019 1943 frater
1037 1900 1128 1945 meus

118 1989 246 2032 summa
279 1967 412 2032 illorum
445 1967 616 2032 uoluntate
647 1965 795 2032 devertit.
846 1965 983 2032 Senator
1014 1967 1129 2052 populi

71 2073 103 2114 20
117 2055 271 2140 Romam,
298 2055 384 2140 quod
410 2055 446 2120 in
471 2055 565 2122 uobis
592 2054 668 2140 fuit,
695 2054 730 2119 in
752 2058 862 2120 vestro
886 2055 1005 2140 oppido
1028 2055 1128 2121 iacuit

118 2147 152 2208 et
169 2143 374 2229 pernoctavit
391 2142 427 2208 in
448 2142 589 2228 publico.
625 2140 727 2208 Nulla
749 2143 812 2208 hoo
834 2143 950 2208 civitas
973 2166 1128 2228 umquam

117 2231 183 2298 alia
212 2231 383 2297 commisit.
428 2230 592 2297 ‘Amicum
622 2231 708 2296 enim
736 2235 886 2296 nostrum
913 2231 948 2296 in
974 2233 1128 2298 iudicium

116 2319 278 2386 vocabas?
338 2319 401 2404 Tu,
440 2319 517 2404 quid
555 2341 615 2405 ego
655 2319 809 2404 privatim
845 2320 971 2406 negotii
1007 2342 1128 2408 geram,

8 2425 9 2430 ’
116 2409 374 2492 interpretabere
401 2407 608 2472 inminuendo
631 2408 755 2473 honore
778 2409 964 2474 senatorio?
1004 2408 1128 2476 Verum
1147 2416 1181 2466 26

72 2513 102 2556 25
117 2497 282 2564 hacetum
299 2517 479 2580 queremur,
502 2497 530 2561 si
549 2495 625 2580 quid
644 2496 683 2561 do
702 2495 794 2561 vobis
813 2519 871 2581 per
890 2519 963 2563 eum
982 2497 1128 2565 ordinem

117 2588 247 2672 agetur,
271 2584 327 2668 qui
349 2584 429 2650 ordo
452 2607 472 2649 a
493 2585 586 2651 vobis
610 2584 715 2650 adhuc
737 2584 816 2650 solis
840 2589 1045 2672 contemptus
1069 2593 1128 2654 est.

116 2672 157 2738 In
187 2673 301 2758 populi
326 2672 468 2740 Romani
501 2673 630 2758 quidem
659 2677 867 2758 conspectum
895 2695 958 2759 quo
987 2695 1043 2740 ore
1069 2697 1127 2740 vos

117 2760 350 2828 commisistis?
372 2783 431 2828 nec
449 2761 539 2845 prius
558 2761 651 2826 illam
670 2783 805 2847 crucem,
824 2784 907 2846 quae
926 2762 1025 2828 etiam
1042 2784 1128 2829 nunc

117 2850 198 2917 civis
229 2850 370 2916 Romani
401 2850 558 2938 sanguine
589 2850 761 2934 redundat,
795 2871 876 2935 quae
907 2850 972 2916 fisa
1005 2853 1055 2914 est
1087 2851 1129 2915 ad

76 2956 104 2997 ³⁰
117 2944 249 3024 portum
275 2940 453 3024 urbemque
480 2943 636 3024 vostram,
662 2938 838 3004 revellistis
864 2959 968 3022 neque
995 2937 1030 3002 in
1052 2960 1128 3022 pro-

116 3027 253 3093 fundum
284 3027 449 3094 abiecistis
481 3028 651 3112 locumque
681 3026 776 3091 illum
807 3047 935 3090 omnem
962 3024 1128 3110 expiastis,

118 3139 217 3201 quam
243 3116 383 3182 Romam
415 3118 512 3201 atqua
542 3115 578 3180 in
606 3116 724 3181 horum
751 3115 944 3180 conventum
973 3113 1128 3179 adiretis?

116 3205 157 3270 In
178 3204 446 3270 Mamertinorum
470 3205 540 3268 solo
562 3203 729 3269 foederato
754 3205 851 3286 atqua
874 3205 990 3286 pacato
1014 3224 1128 3268 monu-

118 3297 264 3359 mentum
285 3293 381 3359 istius
404 3291 606 3359 crudelitatis
629 3290 842 3358 constitutum
867 3292 925 3354 est.
966 3289 1128 3356 Vestrane

76 3399 103 3442 os
117 3383 196 3448 urbs
215 3381 319 3447 electa
337 3384 396 3464 cst,
419 3381 578 3466 adquam
601 3381 786 3463 quicumque
808 3377 935 3443 adirent
958 3400 997 3444 ex
1020 3377 1127 3463 Italia,

117 3492 245 3538 crucem
270 3470 350 3536 civis
371 3468 513 3535 Romani
534 3467 624 3552 prius
648 3489 746 3551 quam
769 3488 965 3551 quemquam
988 3467 1128 3533 amicum

117 3558 233 3646 populi
254 3557 394 3624 Romani
417 3557 585 3623 viderent?
614 3576 711 3641 quam
734 3576 794 3620 vos
817 3554 966 3641 Reginis,
989 3577 1127 3640 quorum
