2622 3884
182 163 247 228 336
487 158 526 213 ΙΝ
545 157 573 212 0.
588 155 742 211 VERREM
759 155 836 210 AGT.
855 156 889 212 11.

183 307 245 373 erit
267 306 406 372 veritate
428 303 621 368 indiciorum
644 301 833 385 constituta,
855 305 893 365 ut
914 299 1064 366 inimicus
1087 322 1195 385 neque

183 397 294 460 deesse
325 392 456 457 nocenti
484 391 590 475 possit
616 411 720 474 neque
749 389 863 455 obesse
890 388 1064 454 innocenti.
1111 388 1196 464 Qua-

182 486 317 569 propter
334 481 427 546 nulla
445 501 496 544 res
518 483 578 564 est,
601 499 698 564 quam
723 477 764 542 ob
788 499 857 542 rein
880 497 942 563 ego
965 477 1066 542 istum
1089 476 1196 542 nolim

184 594 222 637 ex
236 570 380 656 paternis
394 567 524 653 probris
539 587 576 633 ac
594 566 684 633 vitiis
704 586 882 652 emergere,
902 565 937 630 id
956 565 1041 650 quod
1060 565 1197 630 tametsi

182 660 240 724 isti
258 658 389 724 difficile
408 660 468 740 est,
490 660 602 720 tamen
619 655 707 720 haud
725 654 792 720 scio
812 676 855 719 an
871 654 944 718 fieri
964 652 1079 740 possit,
1101 675 1225 738 prae-e

184 747 297 812 sertim
329 746 372 830 si,
407 745 491 810 sicut
521 766 607 809 nunc
637 743 690 827 fit,
725 743 875 808 custodes
909 741 1087 808 amicorum
1120 765 1196 807 enm

122 871 125 882 ν
184 837 407 918 sectabuntur,
435 832 588 917 quoniam
615 835 710 916 pater
737 835 807 896 tam
831 831 1008 917 neglegens
1032 853 1070 896 ac
1093 830 1198 895 diseo

132 927 183 977 163
201 926 290 989 lutus
312 927 371 987 est.
411 921 534 986 Verum
556 920 620 985 huc
642 919 787 1005 longius,
810 940 908 1003 quarn
930 920 1083 985 voluntas
1106 919 1197 1002 tulit,

184 1014 226 1078 ab
254 1011 395 1097 epistula
417 1008 616 1074 Timarchidi
643 1007 790 1092 digressa
813 1011 864 1072 est
887 1007 992 1072 oratio
1016 1029 1101 1092 mea,
1129 1030 1198 1091 qua

183 1101 322 1166 recitata
335 1098 562 1164 conclusurum
578 1117 630 1160 me
649 1117 719 1161 esse
738 1096 860 1161 crimen
878 1095 1090 1161 decumanum
1109 1095 1197 1160 dixe-
1215 1119 1241 1155 ιο

184 1211 269 1272 ram;
309 1209 348 1252 ex
384 1208 447 1271 quo
484 1183 693 1250 intellexistis
730 1183 1002 1250 innumerabilem
1037 1183 1199 1250 frumenti

183 1297 354 1342 nnmerum
381 1296 439 1358 per
466 1272 642 1338 triennium
670 1293 819 1337 aversum
846 1273 888 1337 ab
909 1294 945 1336 re
967 1272 1101 1358 publica
1123 1294 1198 1337 esse

133 1361 730 1535 70eoepdddiii'ldlui,ai1idocddblldimento
754 1451 864 1533 empto
886 1470 958 1531 vos,
980 1448 1116 1533 iudices,
1139 1450 1199 1515 do-

184 1562 289 1624 ceam,
320 1538 462 1603 maximo
495 1540 593 1621 atque
618 1535 900 1620 impudentissimo
927 1536 1030 1621 furto;
1062 1537 1101 1602 de
1129 1561 1197 1622 quo
1215 1557 1241 1596 15

185 1629 262 1694 dum
289 1630 378 1693 certa
401 1629 434 1690 et
456 1647 560 1711 pauca
583 1627 617 1688 et
639 1645 760 1711 magna
783 1624 887 1690 dicam
910 1625 1065 1710 breviter,
1091 1630 1198 1691 atten-

185 1717 259 1781 dite.
300 1715 514 1780 Frumentum
540 1713 575 1777 in
602 1709 713 1777 Sicilia
741 1734 847 1778 emere
875 1712 986 1776 debuit
1008 1713 1126 1778 Verres
1157 1736 1199 1779 ex

173 1802 317 1871 ¹senatus
350 1803 499 1868 consulto
527 1804 560 1866 et
587 1822 627 1865 ex
653 1800 726 1887 lege
753 1799 905 1866 Terentia
932 1805 965 1865 et
992 1799 1106 1867 Cassia
1130 1803 1198 1867 frn-

185 1892 355 1959 mentaris.
399 1890 542 1956 Emundi
568 1888 631 1954 duo
660 1908 780 1974 genera
805 1888 950 1973 filerunt,
977 1911 1078 1954 unum
1103 1890 1198 1956 decu-

185 2003 326 2064 manum,
345 1981 495 2062 alterum,
516 1976 602 2063 quod
619 1981 789 2062 praeterea
807 1977 994 2042 civitatibus
1014 1979 1241 2062 aequaliterne

185 2073 272 2134 esset
299 2068 524 2150 distributum3
554 2064 642 2130 illius
671 2065 839 2130 decumani
866 2069 1008 2148 tantum,
1036 2070 1198 2150 quantum

185 2180 225 2221 ex
256 2156 370 2241 primis
399 2155 540 2221 decumis
567 2151 697 2238 fuisset,
728 2153 824 2218 huius
851 2153 1004 2238 imperati
1031 2154 1066 2219 in
1091 2177 1197 2220 annos

186 2245 332 2331 singulos
351 2243 454 2308 tritici
472 2242 556 2308 mod.
570 2243 673 2328 neoc,
691 2241 833 2326 pretium
852 2246 960 2306 autem
979 2243 1197 2309 constitutum

186 2333 362 2396 decumano
391 2332 427 2396 in
453 2331 579 2395 modios
607 2330 753 2415 singulos
780 2327 836 2394 Hs
864 2347 917 2414 111,
948 2330 1109 2415 imperato
1138 2330 1198 2396 HS

185 2437 226 2484 111
245 2436 271 2484 s.
312 2417 365 2483 Ita
386 2418 422 2483 in
443 2418 643 2484 frumentum
665 2419 861 2502 imperatum
879 2415 934 2482 Hs
957 2418 1198 2485 duodetriciens
1214 2443 1241 2482 ss

184 2508 220 2571 in
238 2528 340 2572 annos
359 2506 506 2592 singulos
517 2506 613 2571 Verri
636 2506 876 2590 decernebatur,
900 2506 985 2591 quod
1009 2508 1197 2573 aratoribus

186 2596 340 2678 solveret,
367 2594 402 2658 in
430 2595 551 2659 alteras
580 2595 730 2659 decumas
752 2593 821 2659 fere
844 2593 887 2659 ad
907 2595 1098 2680 nonagiens.
1141 2595 1198 2662 Sic

185 2705 242 2768 per
256 2682 432 2747 triennium
446 2682 487 2746 ad
503 2683 587 2747 hanc
604 2681 761 2746 frumenti
779 2681 977 2766 emptionem
991 2681 1198 2750 Siciliensem

135 2772 941 2942 1epmpidlnlsstlldllllllellilluddls
960 2859 1084 2924 ueras>
1102 2859 1199 2946 noc
1213 2885 1240 2924 ω

185 2951 284 3032 atque
316 2947 489 3029 exhausto,
520 2947 632 3011 datam
664 2947 705 3011 ad
734 2945 948 3031 frumentum,
979 2947 1042 3013 hoc
1072 2951 1123 3013 est
1154 2950 1199 3014 ad

184 3035 412 3100 necessitatem
441 3034 556 3098 salutis
584 3057 621 3100 ac
649 3034 749 3118 vitae,
781 3034 904 3117 datam,
932 3038 969 3100 ut
997 3033 1129 3120 Siculis,
1157 3042 1199 3102 ut

186 3123 379 3206 aratoribus,
402 3123 517 3206 quibus
536 3127 630 3187 tanta
653 3140 751 3186 onera
774 3144 825 3186 res
848 3122 980 3207 publica
1002 3123 1199 3211 imponeret,

185 3210 379 3293 solveretur,
402 3210 515 3275 abste
539 3210 585 3275 sic
607 3210 784 3275 laceratam
808 3232 879 3274 esse
902 3210 989 3296 dico,
1010 3214 1048 3275 ut
1069 3213 1199 3296 possim
1294 3255 1295 3299 ,

184 3296 267 3360 illud
298 3297 448 3382 probare,
482 3297 510 3362 ri
541 3297 654 3382 velim,
686 3319 814 3362 omnem
845 3301 879 3363 te
910 3300 995 3364 hanc
1023 3301 1200 3384 pecuniam
1215 3323 1241 3363 ss
1293 3335 1294 3356 r

185 3383 316 3446 domum
340 3387 431 3448 tuam
454 3385 619 3451 avertisse.
663 3384 795 3451 Etenim
818 3387 864 3451 sic
886 3386 971 3453 hanc
995 3409 1065 3453 rem
1087 3392 1200 3456 totam
1293 3358 1294 3412 l

186 3469 436 3554 administrasti,
463 3476 500 3536 ut
522 3473 597 3557 hoc,
621 3474 707 3557 quod
730 3473 814 3556 dico,
837 3475 971 3559 probari
997 3476 1199 3560 aequissimo
1292 3471 1293 3527 l
