<?xml version="1.0" encoding="UTF-8"?>
<!DOCTYPE html PUBLIC "-//W3C//DTD XHTML 1.0 Transitional//EN"
    "http://www.w3.org/TR/xhtml1/DTD/xhtml1-transitional.dtd">
<html xmlns="http://www.w3.org/1999/xhtml" xml:lang="en" lang="en">
 <head>
  <title>
</title>
<meta http-equiv="Content-Type" content="text/html;charset=utf-8" />
  <meta name='ocr-system' content='tesseract 3.04.00' />
  <meta name='ocr-capabilities' content='ocr_page ocr_carea ocr_par ocr_line ocrx_word'/>
</head>
<body>
  <div class='ocr_page' id='page_1' title='image "./scriptaquaemans01mullgoog_0246.png"; bbox 0 0 2604 3880; ppageno 0'>
   <div class='ocr_carea' id='block_1_1' title="bbox 447 184 1120 255">
    <p class='ocr_par' dir='ltr' id='par_1_1' title="bbox 447 184 1120 255">
     <span class='ocr_line' id='line_1_1' title="bbox 447 184 1120 255; baseline 0.004 -12"><span class='ocrx_word' id='word_1_1' title='bbox 447 187 522 244; x_wconf 79' lang='lat' dir='ltr'><strong>OAP.</strong></span> <span class='ocrx_word' id='word_1_2' title='bbox 538 195 567 255; x_wconf 84' lang='lat' dir='ltr'>o,</span> <span class='ocrx_word' id='word_1_3' title='bbox 588 193 621 242; x_wconf 76' lang='grc' dir='ltr'>ιο</span> <span class='ocrx_word' id='word_1_4' title='bbox 641 193 656 254; x_wconf 71' lang='lat' dir='ltr'>s</span> <span class='ocrx_word' id='word_1_5' title='bbox 674 192 786 242; x_wconf 74' lang='lat' dir='ltr'>re-so.</span> <span class='ocrx_word' id='word_1_6' title='bbox 1058 184 1120 250; x_wconf 78' lang='lat'>131</span> 
     </span>
    </p>
   </div>
   <div class='ocr_carea' id='block_1_2' title="bbox 16 328 1177 3663">
    <p class='ocr_par' dir='ltr' id='par_1_2' title="bbox 110 328 1123 592">
     <span class='ocr_line' id='line_1_2' title="bbox 110 328 1122 419; baseline -0.006 -21"><span class='ocrx_word' id='word_1_7' title='bbox 110 335 197 398; x_wconf 87' lang='lat' dir='ltr'>esset</span> <span class='ocrx_word' id='word_1_8' title='bbox 214 336 347 419; x_wconf 86' lang='lat' dir='ltr'>praetor</span> <span class='ocrx_word' id='word_1_9' title='bbox 366 331 400 396; x_wconf 91' lang='lat' dir='ltr'>in</span> <span class='ocrx_word' id='word_1_10' title='bbox 420 330 540 398; x_wconf 85' lang='lat' dir='ltr'>Sicilia.</span> <span class='ocrx_word' id='word_1_11' title='bbox 581 329 663 396; x_wconf 93' lang='lat' dir='ltr'>Cum</span> <span class='ocrx_word' id='word_1_12' title='bbox 682 331 722 395; x_wconf 89' lang='lat' dir='ltr'>iis</span> <span class='ocrx_word' id='word_1_13' title='bbox 741 331 789 396; x_wconf 89' lang='lat' dir='ltr'>ita</span> <span class='ocrx_word' id='word_1_14' title='bbox 807 330 964 414; x_wconf 90' lang='lat' dir='ltr'>loquitur:</span> <span class='ocrx_word' id='word_1_15' title='bbox 989 328 1035 393; x_wconf 77' lang='lat' dir='ltr'>‘se</span> <span class='ocrx_word' id='word_1_16' title='bbox 1049 350 1122 394; x_wconf 90' lang='lat' dir='ltr'>con-</span> 
     </span>
     <span class='ocr_line' id='line_1_3' title="bbox 111 416 1122 504; baseline -0.005 -19"><span class='ocrx_word' id='word_1_17' title='bbox 111 422 216 486; x_wconf 87' lang='lat' dir='ltr'>sulem</span> <span class='ocrx_word' id='word_1_18' title='bbox 235 442 319 504; x_wconf 85' lang='lat' dir='ltr'>esse;</span> <span class='ocrx_word' id='word_1_19' title='bbox 337 420 473 485; x_wconf 84' lang='lat' dir='ltr'>fratrem</span> <span class='ocrx_word' id='word_1_20' title='bbox 492 442 587 484; x_wconf 90' lang='lat' dir='ltr'>suum</span> <span class='ocrx_word' id='word_1_21' title='bbox 607 420 745 485; x_wconf 88' lang='lat' dir='ltr'>alterum</span> <span class='ocrx_word' id='word_1_22' title='bbox 760 417 905 484; x_wconf 81' lang='lat' dir='ltr'>Siciliam</span> <span class='ocrx_word' id='word_1_23' title='bbox 922 416 1122 502; x_wconf 88' lang='lat' dir='ltr'>provinciam</span> 
     </span>
     <span class='ocr_line' id='line_1_4' title="bbox 111 505 1123 592; baseline -0.006 -18"><span class='ocrx_word' id='word_1_24' title='bbox 111 509 273 592; x_wconf 87' lang='lat' dir='ltr'>obtinere,</span> <span class='ocrx_word' id='word_1_25' title='bbox 303 508 443 574; x_wconf 87' lang='lat' dir='ltr'>alterum</span> <span class='ocrx_word' id='word_1_26' title='bbox 466 529 536 572; x_wconf 88' lang='lat' dir='ltr'>esse</span> <span class='ocrx_word' id='word_1_27' title='bbox 560 508 782 591; x_wconf 85' lang='lat' dir='ltr'>quaesiturum</span> <span class='ocrx_word' id='word_1_28' title='bbox 806 507 845 571; x_wconf 89' lang='lat' dir='ltr'>de</span> <span class='ocrx_word' id='word_1_29' title='bbox 867 505 1012 591; x_wconf 88' lang='lat' dir='ltr'>pecuniis</span> <span class='ocrx_word' id='word_1_30' title='bbox 1034 526 1123 590; x_wconf 74' lang='lat' dir='ltr'>repe</span> 
     </span>
    </p>

    <p class='ocr_par' dir='ltr' id='par_1_3' title="bbox 63 594 1175 942">
     <span class='ocr_line' id='line_1_5' title="bbox 63 594 1122 680; baseline -0.004 -19"><span class='ocrx_word' id='word_1_31' title='bbox 63 613 65 618; x_wconf 85' lang='grc'><strong>’</strong></span> <span class='ocrx_word' id='word_1_32' title='bbox 110 596 234 680; x_wconf 90' lang='lat' dir='ltr'>tundis;</span> <span class='ocrx_word' id='word_1_33' title='bbox 258 595 355 660; x_wconf 89' lang='lat' dir='ltr'>Verri</span> <span class='ocrx_word' id='word_1_34' title='bbox 376 618 417 660; x_wconf 90' lang='lat' dir='ltr'>ne</span> <span class='ocrx_word' id='word_1_35' title='bbox 439 595 550 661; x_wconf 90' lang='lat' dir='ltr'>noceri</span> <span class='ocrx_word' id='word_1_36' title='bbox 571 600 692 680; x_wconf 91' lang='lat' dir='ltr'>posset,</span> <span class='ocrx_word' id='word_1_37' title='bbox 715 595 828 661; x_wconf 87' lang='lat' dir='ltr'>multis</span> <span class='ocrx_word' id='word_1_38' title='bbox 851 594 1032 659; x_wconf 87' lang='lat' dir='ltr'>rationibus</span> <span class='ocrx_word' id='word_1_39' title='bbox 1052 615 1122 658; x_wconf 88' lang='lat' dir='ltr'>esse</span> 
     </span>
     <span class='ocr_line' id='line_1_6' title="bbox 85 680 1175 770; baseline -0.005 -21"><span class='ocrx_word' id='word_1_40' title='bbox 85 683 297 770; x_wconf 65' lang='lat' dir='ltr'>aprovisum?</span> <span class='ocrx_word' id='word_1_41' title='bbox 344 683 428 760; x_wconf 80' lang='lat' dir='ltr'>Quid</span> <span class='ocrx_word' id='word_1_42' title='bbox 455 688 518 768; x_wconf 92' lang='lat' dir='ltr'>est,</span> <span class='ocrx_word' id='word_1_43' title='bbox 545 705 679 767; x_wconf 83' lang='lat' dir='ltr'>quaese,</span> <span class='ocrx_word' id='word_1_44' title='bbox 701 682 846 767; x_wconf 89' lang='lat' dir='ltr'>Metelle,</span> <span class='ocrx_word' id='word_1_45' title='bbox 877 680 1031 748; x_wconf 91' lang='lat' dir='ltr'>iudicium</span> <span class='ocrx_word' id='word_1_46' title='bbox 1055 703 1122 746; x_wconf 87' lang='lat' dir='ltr'>eor·</span> <span class='ocrx_word' id='word_1_47' title='bbox 1141 717 1175 766; x_wconf 70' lang='lat'>23</span> 
     </span>
     <span class='ocr_line' id='line_1_7' title="bbox 110 769 1123 857; baseline -0.004 -20"><span class='ocrx_word' id='word_1_48' title='bbox 110 794 273 857; x_wconf 80' lang='lat' dir='ltr'>rumpere,</span> <span class='ocrx_word' id='word_1_49' title='bbox 301 773 330 836; x_wconf 87' lang='lat' dir='ltr'>si</span> <span class='ocrx_word' id='word_1_50' title='bbox 356 772 418 837; x_wconf 91' lang='lat' dir='ltr'>hoc</span> <span class='ocrx_word' id='word_1_51' title='bbox 445 793 511 837; x_wconf 91' lang='lat' dir='ltr'>non</span> <span class='ocrx_word' id='word_1_52' title='bbox 540 776 602 855; x_wconf 89' lang='lat' dir='ltr'>est,</span> <span class='ocrx_word' id='word_1_53' title='bbox 629 771 737 854; x_wconf 90' lang='lat' dir='ltr'>testis,</span> <span class='ocrx_word' id='word_1_54' title='bbox 767 770 959 856; x_wconf 83' lang='lat' dir='ltr'>praesertim</span> <span class='ocrx_word' id='word_1_55' title='bbox 988 769 1123 853; x_wconf 83' lang='lat' dir='ltr'>Siculos,</span> 
     </span>
     <span class='ocr_line' id='line_1_8' title="bbox 110 857 1123 942; baseline -0.005 -15"><span class='ocrx_word' id='word_1_56' title='bbox 110 861 242 927; x_wconf 89' lang='lat' dir='ltr'>timidos</span> <span class='ocrx_word' id='word_1_57' title='bbox 269 860 417 925; x_wconf 88' lang='lat' dir='ltr'>homines</span> <span class='ocrx_word' id='word_1_58' title='bbox 446 865 479 925; x_wconf 91' lang='lat' dir='ltr'>et</span> <span class='ocrx_word' id='word_1_59' title='bbox 506 859 659 942; x_wconf 86' lang='lat' dir='ltr'>afflictos,</span> <span class='ocrx_word' id='word_1_60' title='bbox 689 881 756 924; x_wconf 91' lang='lat' dir='ltr'>non</span> <span class='ocrx_word' id='word_1_61' title='bbox 789 859 896 924; x_wconf 90' lang='lat' dir='ltr'>solum</span> <span class='ocrx_word' id='word_1_62' title='bbox 928 857 1123 923; x_wconf 87' lang='lat' dir='ltr'>auctoritate</span> 
     </span>
    </p>

    <p class='ocr_par' dir='ltr' id='par_1_4' title="bbox 16 946 1123 1122">
     <span class='ocr_line' id='line_1_9' title="bbox 16 946 1123 1033; baseline -0.001 -23"><span class='ocrx_word' id='word_1_63' title='bbox 16 1003 17 1010; x_wconf 71' lang='grc'>,</span> <span class='ocrx_word' id='word_1_64' title='bbox 112 950 286 1033; x_wconf 80' lang='lat' dir='ltr'>deterrere,</span> <span class='ocrx_word' id='word_1_65' title='bbox 314 948 371 1013; x_wconf 89' lang='lat' dir='ltr'>sed</span> <span class='ocrx_word' id='word_1_66' title='bbox 395 948 494 1013; x_wconf 92' lang='lat' dir='ltr'>etiam</span> <span class='ocrx_word' id='word_1_67' title='bbox 517 946 680 1013; x_wconf 87' lang='lat' dir='ltr'>consulari</span> <span class='ocrx_word' id='word_1_68' title='bbox 702 952 792 1014; x_wconf 91' lang='lat' dir='ltr'>metu</span> <span class='ocrx_word' id='word_1_69' title='bbox 816 952 848 1012; x_wconf 89' lang='lat' dir='ltr'>et</span> <span class='ocrx_word' id='word_1_70' title='bbox 871 947 1008 1011; x_wconf 92' lang='lat' dir='ltr'>duorum</span> <span class='ocrx_word' id='word_1_71' title='bbox 1030 967 1123 1030; x_wconf 90' lang='lat' dir='ltr'>prae-</span> 
     </span>
     <span class='ocr_line' id='line_1_10' title="bbox 111 1033 1123 1122; baseline -0.005 -19"><span class='ocrx_word' id='word_1_72' title='bbox 111 1043 220 1103; x_wconf 89' lang='lat' dir='ltr'>torum</span> <span class='ocrx_word' id='word_1_73' title='bbox 242 1037 428 1122; x_wconf 73' lang='lat' dir='ltr'>potestate?</span> <span class='ocrx_word' id='word_1_74' title='bbox 466 1035 550 1112; x_wconf 81' lang='lat' dir='ltr'>Quid</span> <span class='ocrx_word' id='word_1_75' title='bbox 571 1035 695 1101; x_wconf 83' lang='lat' dir='ltr'>faceres</span> <span class='ocrx_word' id='word_1_76' title='bbox 717 1057 777 1119; x_wconf 89' lang='lat' dir='ltr'>pro</span> <span class='ocrx_word' id='word_1_77' title='bbox 799 1035 969 1100; x_wconf 81' lang='lat' dir='ltr'>innocente</span> <span class='ocrx_word' id='word_1_78' title='bbox 991 1033 1123 1098; x_wconf 90' lang='lat' dir='ltr'>homine</span> 
     </span>
    </p>

    <p class='ocr_par' dir='ltr' id='par_1_5' title="bbox 74 1121 1175 1560">
     <span class='ocr_line' id='line_1_11' title="bbox 74 1121 1122 1210; baseline -0.006 -19"><span class='ocrx_word' id='word_1_79' title='bbox 74 1143 99 1182; x_wconf 86' lang='lat'>1⁰</span> <span class='ocrx_word' id='word_1_80' title='bbox 113 1131 146 1191; x_wconf 88' lang='lat' dir='ltr'>et</span> <span class='ocrx_word' id='word_1_81' title='bbox 176 1125 374 1210; x_wconf 92' lang='lat' dir='ltr'>propinquo,</span> <span class='ocrx_word' id='word_1_82' title='bbox 405 1145 477 1190; x_wconf 93' lang='lat' dir='ltr'>cum</span> <span class='ocrx_word' id='word_1_83' title='bbox 504 1128 639 1208; x_wconf 88' lang='lat' dir='ltr'>propter</span> <span class='ocrx_word' id='word_1_84' title='bbox 670 1124 836 1189; x_wconf 89' lang='lat' dir='ltr'>hominem</span> <span class='ocrx_word' id='word_1_85' title='bbox 867 1121 1122 1208; x_wconf 88' lang='lat' dir='ltr'>perditissimum</span> 
     </span>
     <span class='ocr_line' id='line_1_12' title="bbox 112 1209 1123 1298; baseline -0.006 -19"><span class='ocrx_word' id='word_1_86' title='bbox 112 1218 209 1298; x_wconf 87' lang='lat' dir='ltr'>atque</span> <span class='ocrx_word' id='word_1_87' title='bbox 239 1212 475 1277; x_wconf 86' lang='lat' dir='ltr'>alienissimum</span> <span class='ocrx_word' id='word_1_88' title='bbox 502 1212 540 1276; x_wconf 89' lang='lat' dir='ltr'>de</span> <span class='ocrx_word' id='word_1_89' title='bbox 568 1212 674 1277; x_wconf 88' lang='lat' dir='ltr'>officio</span> <span class='ocrx_word' id='word_1_90' title='bbox 698 1235 735 1278; x_wconf 86' lang='lat' dir='ltr'>ac</span> <span class='ocrx_word' id='word_1_91' title='bbox 759 1212 918 1298; x_wconf 85' lang='lat' dir='ltr'>dignitate</span> <span class='ocrx_word' id='word_1_92' title='bbox 942 1209 1067 1276; x_wconf 88' lang='lat' dir='ltr'>decedis</span> <span class='ocrx_word' id='word_1_93' title='bbox 1090 1213 1123 1274; x_wconf 90' lang='lat' dir='ltr'>et</span> 
     </span>
     <span class='ocr_line' id='line_1_13' title="bbox 113 1299 1122 1385; baseline -0.005 -18"><span class='ocrx_word' id='word_1_94' title='bbox 113 1301 300 1385; x_wconf 91' lang='lat' dir='ltr'>committis,</span> <span class='ocrx_word' id='word_1_95' title='bbox 322 1305 368 1383; x_wconf 89' lang='lat' dir='ltr'>ut,</span> <span class='ocrx_word' id='word_1_96' title='bbox 391 1300 478 1383; x_wconf 91' lang='lat' dir='ltr'>quod</span> <span class='ocrx_word' id='word_1_97' title='bbox 495 1300 552 1364; x_wconf 91' lang='lat' dir='ltr'>ille</span> <span class='ocrx_word' id='word_1_98' title='bbox 572 1301 710 1384; x_wconf 88' lang='lat' dir='ltr'>dictitat,</span> <span class='ocrx_word' id='word_1_99' title='bbox 733 1300 839 1385; x_wconf 89' lang='lat' dir='ltr'>alicui,</span> <span class='ocrx_word' id='word_1_100' title='bbox 860 1299 915 1385; x_wconf 95' lang='lat' dir='ltr'>qui</span> <span class='ocrx_word' id='word_1_101' title='bbox 933 1304 967 1365; x_wconf 91' lang='lat' dir='ltr'>te</span> <span class='ocrx_word' id='word_1_102' title='bbox 984 1299 1122 1385; x_wconf 80' lang='lat' dir='ltr'>ignoret,</span> 
     </span>
     <span class='ocr_line' id='line_1_14' title="bbox 111 1387 1175 1471; baseline -0.002 -16"><span class='ocrx_word' id='word_1_103' title='bbox 111 1412 224 1456; x_wconf 84' lang='lat' dir='ltr'>verum</span> <span class='ocrx_word' id='word_1_104' title='bbox 245 1410 315 1453; x_wconf 88' lang='lat' dir='ltr'>esse</span> <span class='ocrx_word' id='word_1_105' title='bbox 334 1388 506 1453; x_wconf 79' lang='lat' dir='ltr'>videatur?</span> <span class='ocrx_word' id='word_1_106' title='bbox 529 1410 605 1452; x_wconf 90' lang='lat' dir='ltr'>nam</span> <span class='ocrx_word' id='word_1_107' title='bbox 624 1389 686 1454; x_wconf 88' lang='lat' dir='ltr'>hoc</span> <span class='ocrx_word' id='word_1_108' title='bbox 704 1387 840 1453; x_wconf 89' lang='lat' dir='ltr'>Verrem</span> <span class='ocrx_word' id='word_1_109' title='bbox 859 1388 963 1453; x_wconf 89' lang='lat' dir='ltr'>dicere</span> <span class='ocrx_word' id='word_1_110' title='bbox 982 1387 1122 1471; x_wconf 78' lang='lat' dir='ltr'>aiebant,</span> <span class='ocrx_word' id='word_1_111' title='bbox 1140 1405 1175 1453; x_wconf 76' lang='lat' dir='ltr'>as</span> 
     </span>
     <span class='ocr_line' id='line_1_15' title="bbox 112 1475 1123 1560; baseline -0.004 -16"><span class='ocrx_word' id='word_1_112' title='bbox 112 1484 144 1544; x_wconf 92' lang='lat' dir='ltr'>te</span> <span class='ocrx_word' id='word_1_113' title='bbox 166 1499 234 1542; x_wconf 92' lang='lat' dir='ltr'>non</span> <span class='ocrx_word' id='word_1_114' title='bbox 254 1477 338 1560; x_wconf 80' lang='lat' dir='ltr'>lato,</span> <span class='ocrx_word' id='word_1_115' title='bbox 366 1480 403 1540; x_wconf 92' lang='lat' dir='ltr'>ut</span> <span class='ocrx_word' id='word_1_116' title='bbox 426 1481 550 1542; x_wconf 89' lang='lat' dir='ltr'>ceteros</span> <span class='ocrx_word' id='word_1_117' title='bbox 574 1498 612 1540; x_wconf 85' lang='lat' dir='ltr'>ex</span> <span class='ocrx_word' id='word_1_118' title='bbox 635 1480 745 1541; x_wconf 89' lang='lat' dir='ltr'>vestra</span> <span class='ocrx_word' id='word_1_119' title='bbox 771 1476 910 1560; x_wconf 88' lang='lat' dir='ltr'>familia,</span> <span class='ocrx_word' id='word_1_120' title='bbox 941 1475 997 1541; x_wconf 90' lang='lat' dir='ltr'>sed</span> <span class='ocrx_word' id='word_1_121' title='bbox 1024 1497 1123 1560; x_wconf 86' lang='lat' dir='ltr'>opera</span> 
     </span>
    </p>

    <p class='ocr_par' dir='ltr' id='par_1_6' title="bbox 74 1563 1158 2000">
     <span class='ocr_line' id='line_1_16' title="bbox 74 1563 1123 1650; baseline -0.003 -19"><span class='ocrx_word' id='word_1_122' title='bbox 74 1581 98 1621; x_wconf 80' lang='lat'>1⁵</span> <span class='ocrx_word' id='word_1_123' title='bbox 113 1588 171 1631; x_wconf 89' lang='lat' dir='ltr'>sua</span> <span class='ocrx_word' id='word_1_124' title='bbox 199 1564 365 1631; x_wconf 88' lang='lat' dir='ltr'>consulem</span> <span class='ocrx_word' id='word_1_125' title='bbox 391 1564 524 1629; x_wconf 83' lang='lat' dir='ltr'>factum.</span> <span class='ocrx_word' id='word_1_126' title='bbox 569 1563 643 1630; x_wconf 90' lang='lat' dir='ltr'>Duo</span> <span class='ocrx_word' id='word_1_127' title='bbox 671 1564 774 1650; x_wconf 86' lang='lat' dir='ltr'>igitur</span> <span class='ocrx_word' id='word_1_128' title='bbox 801 1565 949 1629; x_wconf 87' lang='lat' dir='ltr'>consules</span> <span class='ocrx_word' id='word_1_129' title='bbox 973 1568 1006 1628; x_wconf 92' lang='lat' dir='ltr'>et</span> <span class='ocrx_word' id='word_1_130' title='bbox 1029 1586 1123 1648; x_wconf 84' lang='lat' dir='ltr'>quae</span> 
     </span>
     <span class='ocr_line' id='line_1_17' title="bbox 112 1650 1123 1737; baseline -0.003 -19"><span class='ocrx_word' id='word_1_131' title='bbox 112 1655 194 1719; x_wconf 90' lang='lat' dir='ltr'>sitor</span> <span class='ocrx_word' id='word_1_132' title='bbox 222 1657 317 1718; x_wconf 88' lang='lat' dir='ltr'>erunt</span> <span class='ocrx_word' id='word_1_133' title='bbox 345 1674 383 1716; x_wconf 87' lang='lat' dir='ltr'>ex</span> <span class='ocrx_word' id='word_1_134' title='bbox 407 1652 497 1717; x_wconf 88' lang='lat' dir='ltr'>illius</span> <span class='ocrx_word' id='word_1_135' title='bbox 520 1652 711 1717; x_wconf 77' lang='lat' dir='ltr'>voluntate?</span> <span class='ocrx_word' id='word_1_136' title='bbox 757 1650 844 1716; x_wconf 79' lang='lat' dir='ltr'>‘Non</span> <span class='ocrx_word' id='word_1_137' title='bbox 866 1652 971 1716; x_wconf 94' lang='lat' dir='ltr'>solum</span> <span class='ocrx_word' id='word_1_138' title='bbox 994 1651 1123 1737; x_wconf 79' lang='lat' dir='ltr'>effugie</span> 
     </span>
     <span class='ocr_line' id='line_1_18' title="bbox 111 1738 1123 1825; baseline -0.004 -18"><span class='ocrx_word' id='word_1_139' title='bbox 111 1740 204 1825; x_wconf 89' lang='lat' dir='ltr'>mus,&#39;</span> <span class='ocrx_word' id='word_1_140' title='bbox 227 1741 343 1824; x_wconf 92' lang='lat' dir='ltr'>inquit,</span> <span class='ocrx_word' id='word_1_141' title='bbox 366 1738 542 1805; x_wconf 79' lang='lat' dir='ltr'>‘hominem</span> <span class='ocrx_word' id='word_1_142' title='bbox 564 1740 599 1804; x_wconf 94' lang='lat' dir='ltr'>in</span> <span class='ocrx_word' id='word_1_143' title='bbox 623 1739 804 1823; x_wconf 87' lang='lat' dir='ltr'>quaerendo</span> <span class='ocrx_word' id='word_1_144' title='bbox 826 1739 964 1803; x_wconf 92' lang='lat' dir='ltr'>nimium</span> <span class='ocrx_word' id='word_1_145' title='bbox 987 1739 1123 1824; x_wconf 89' lang='lat' dir='ltr'>diligen-</span> 
     </span>
     <span class='ocr_line' id='line_1_19' title="bbox 111 1825 1158 1914; baseline -0.004 -20"><span class='ocrx_word' id='word_1_146' title='bbox 111 1836 192 1914; x_wconf 89' lang='lat' dir='ltr'>tem,</span> <span class='ocrx_word' id='word_1_147' title='bbox 231 1829 369 1893; x_wconf 90' lang='lat' dir='ltr'>nimium</span> <span class='ocrx_word' id='word_1_148' title='bbox 408 1829 602 1893; x_wconf 88' lang='lat' dir='ltr'>servientem</span> <span class='ocrx_word' id='word_1_149' title='bbox 638 1827 753 1913; x_wconf 93' lang='lat' dir='ltr'>populi</span> <span class='ocrx_word' id='word_1_150' title='bbox 788 1826 1034 1910; x_wconf 84' lang='lat' dir='ltr'>existimationi,</span> <span class='ocrx_word' id='word_1_151' title='bbox 1070 1825 1123 1890; x_wconf 86' lang='lat' dir='ltr'>M&#39;.</span> <span class='ocrx_word' id='word_1_152' title='bbox 1156 1898 1158 1901; x_wconf 50' lang='grc'><strong>,</strong></span> 
     </span>
     <span class='ocr_line' id='line_1_20' title="bbox 112 1913 1123 2000; baseline -0.004 -18"><span class='ocrx_word' id='word_1_153' title='bbox 112 1917 337 2000; x_wconf 82' lang='lat' dir='ltr'>Glabrionem3</span> <span class='ocrx_word' id='word_1_154' title='bbox 375 1917 504 1982; x_wconf 82' lang='lat' dir='ltr'>accedet</span> <span class='ocrx_word' id='word_1_155' title='bbox 541 1916 640 1981; x_wconf 88' lang='lat' dir='ltr'>etiam</span> <span class='ocrx_word' id='word_1_156' title='bbox 675 1915 770 1980; x_wconf 91' lang='lat' dir='ltr'>nobis</span> <span class='ocrx_word' id='word_1_157' title='bbox 806 1915 901 1979; x_wconf 86' lang='lat' dir='ltr'>illud:</span> <span class='ocrx_word' id='word_1_158' title='bbox 936 1913 1037 1978; x_wconf 87' lang='lat' dir='ltr'>Iudex</span> <span class='ocrx_word' id='word_1_159' title='bbox 1073 1918 1123 1978; x_wconf 88' lang='lat' dir='ltr'>est</span> 
     </span>
    </p>

    <p class='ocr_par' dir='ltr' id='par_1_7' title="bbox 71 2002 1124 2354">
     <span class='ocr_line' id='line_1_21' title="bbox 71 2002 1124 2090; baseline -0.004 -20"><span class='ocrx_word' id='word_1_160' title='bbox 71 2023 97 2060; x_wconf 76' lang='lat'>²⁰</span> <span class='ocrx_word' id='word_1_161' title='bbox 110 2005 153 2070; x_wconf 91' lang='lat' dir='ltr'>M.</span> <span class='ocrx_word' id='word_1_162' title='bbox 186 2003 377 2087; x_wconf 78' lang='lat' dir='ltr'>Caesonius,</span> <span class='ocrx_word' id='word_1_163' title='bbox 413 2005 540 2090; x_wconf 81' lang='lat' dir='ltr'>collega</span> <span class='ocrx_word' id='word_1_164' title='bbox 575 2004 681 2069; x_wconf 89' lang='lat' dir='ltr'>nostri</span> <span class='ocrx_word' id='word_1_165' title='bbox 713 2002 923 2085; x_wconf 82' lang='lat' dir='ltr'>accusatoris,</span> <span class='ocrx_word' id='word_1_166' title='bbox 957 2002 1056 2066; x_wconf 92' lang='lat' dir='ltr'>homo</span> <span class='ocrx_word' id='word_1_167' title='bbox 1089 2003 1124 2066; x_wconf 90' lang='lat' dir='ltr'>in</span> 
     </span>
     <span class='ocr_line' id='line_1_22' title="bbox 110 2090 1124 2177; baseline -0.005 -18"><span class='ocrx_word' id='word_1_168' title='bbox 110 2095 208 2159; x_wconf 89' lang='lat' dir='ltr'>rebus</span> <span class='ocrx_word' id='word_1_169' title='bbox 230 2091 409 2157; x_wconf 85' lang='lat' dir='ltr'>iudicandis</span> <span class='ocrx_word' id='word_1_170' title='bbox 434 2096 599 2177; x_wconf 88' lang='lat' dir='ltr'>spectatus</span> <span class='ocrx_word' id='word_1_171' title='bbox 623 2097 656 2157; x_wconf 89' lang='lat' dir='ltr'>et</span> <span class='ocrx_word' id='word_1_172' title='bbox 677 2090 841 2177; x_wconf 90' lang='lat' dir='ltr'>cognitus,</span> <span class='ocrx_word' id='word_1_173' title='bbox 872 2112 967 2175; x_wconf 88' lang='lat' dir='ltr'>quem</span> <span class='ocrx_word' id='word_1_174' title='bbox 990 2090 1124 2154; x_wconf 87' lang='lat' dir='ltr'>minime</span> 
     </span>
     <span class='ocr_line' id='line_1_23' title="bbox 112 2178 1124 2266; baseline -0.003 -19"><span class='ocrx_word' id='word_1_175' title='bbox 112 2181 262 2266; x_wconf 86' lang='lat' dir='ltr'>expediat</span> <span class='ocrx_word' id='word_1_176' title='bbox 292 2203 362 2245; x_wconf 85' lang='lat' dir='ltr'>esse</span> <span class='ocrx_word' id='word_1_177' title='bbox 393 2180 428 2244; x_wconf 90' lang='lat' dir='ltr'>in</span> <span class='ocrx_word' id='word_1_178' title='bbox 460 2202 497 2246; x_wconf 90' lang='lat' dir='ltr'>eo</span> <span class='ocrx_word' id='word_1_179' title='bbox 530 2181 678 2265; x_wconf 89' lang='lat' dir='ltr'>consilio,</span> <span class='ocrx_word' id='word_1_180' title='bbox 712 2180 798 2265; x_wconf 92' lang='lat' dir='ltr'>quod</span> <span class='ocrx_word' id='word_1_181' title='bbox 830 2201 981 2244; x_wconf 89' lang='lat' dir='ltr'>conemur</span> <span class='ocrx_word' id='word_1_182' title='bbox 1013 2178 1124 2262; x_wconf 85' lang='lat' dir='ltr'>aliqua</span> 
     </span>
     <span class='ocr_line' id='line_1_24' title="bbox 111 2268 1124 2354; baseline -0.004 -19"><span class='ocrx_word' id='word_1_183' title='bbox 111 2271 238 2336; x_wconf 88' lang='lat' dir='ltr'>ratione</span> <span class='ocrx_word' id='word_1_184' title='bbox 265 2290 484 2353; x_wconf 90' lang='lat' dir='ltr'>corrumpere,</span> <span class='ocrx_word' id='word_1_185' title='bbox 510 2273 685 2354; x_wconf 89' lang='lat' dir='ltr'>propterea</span> <span class='ocrx_word' id='word_1_186' title='bbox 712 2268 798 2352; x_wconf 89' lang='lat' dir='ltr'>quod</span> <span class='ocrx_word' id='word_1_187' title='bbox 824 2269 890 2332; x_wconf 88' lang='lat' dir='ltr'>iam</span> <span class='ocrx_word' id='word_1_188' title='bbox 914 2271 1022 2352; x_wconf 88' lang='lat' dir='ltr'>antea,</span> <span class='ocrx_word' id='word_1_189' title='bbox 1050 2289 1124 2332; x_wconf 88' lang='lat' dir='ltr'>eum</span> 
     </span>
    </p>

    <p class='ocr_par' dir='ltr' id='par_1_8' title="bbox 16 2355 1123 2440">
     <span class='ocr_line' id='line_1_25' title="bbox 16 2355 1123 2440; baseline -0.003 -18"><span class='ocrx_word' id='word_1_190' title='bbox 16 2379 17 2416; x_wconf 74' lang='lat'>1</span> <span class='ocrx_word' id='word_1_191' title='bbox 111 2359 206 2424; x_wconf 84' lang='lat' dir='ltr'>index</span> <span class='ocrx_word' id='word_1_192' title='bbox 232 2357 267 2422; x_wconf 88' lang='lat' dir='ltr'>in</span> <span class='ocrx_word' id='word_1_193' title='bbox 293 2356 430 2422; x_wconf 92' lang='lat' dir='ltr'>Iuniano</span> <span class='ocrx_word' id='word_1_194' title='bbox 459 2357 594 2422; x_wconf 89' lang='lat' dir='ltr'>consilio</span> <span class='ocrx_word' id='word_1_195' title='bbox 621 2357 751 2440; x_wconf 83' lang='lat' dir='ltr'>fuisset,</span> <span class='ocrx_word' id='word_1_196' title='bbox 784 2356 1010 2440; x_wconf 89' lang='lat' dir='ltr'>turpissimum</span> <span class='ocrx_word' id='word_1_197' title='bbox 1041 2355 1123 2420; x_wconf 92' lang='lat' dir='ltr'>illud</span> 
     </span>
    </p>

    <p class='ocr_par' dir='ltr' id='par_1_9' title="bbox 16 2444 1123 2530">
     <span class='ocr_line' id='line_1_26' title="bbox 16 2444 1123 2530; baseline -0.004 -18"><span class='ocrx_word' id='word_1_198' title='bbox 16 2477 17 2526; x_wconf 56' lang='lat'>4</span> <span class='ocrx_word' id='word_1_199' title='bbox 71 2461 97 2502; x_wconf 77' lang='lat'>²⁵</span> <span class='ocrx_word' id='word_1_200' title='bbox 111 2447 236 2512; x_wconf 88' lang='lat' dir='ltr'>facinus</span> <span class='ocrx_word' id='word_1_201' title='bbox 254 2467 319 2510; x_wconf 90' lang='lat' dir='ltr'>non</span> <span class='ocrx_word' id='word_1_202' title='bbox 339 2445 446 2510; x_wconf 90' lang='lat' dir='ltr'>solum</span> <span class='ocrx_word' id='word_1_203' title='bbox 465 2445 609 2530; x_wconf 84' lang='lat' dir='ltr'>graviter</span> <span class='ocrx_word' id='word_1_204' title='bbox 626 2445 713 2528; x_wconf 89' lang='lat' dir='ltr'>tulit,</span> <span class='ocrx_word' id='word_1_205' title='bbox 736 2446 793 2508; x_wconf 84' lang='lat' dir='ltr'>sed</span> <span class='ocrx_word' id='word_1_206' title='bbox 812 2445 910 2509; x_wconf 88' lang='lat' dir='ltr'>etiam</span> <span class='ocrx_word' id='word_1_207' title='bbox 928 2445 964 2508; x_wconf 91' lang='lat' dir='ltr'>in</span> <span class='ocrx_word' id='word_1_208' title='bbox 981 2444 1123 2509; x_wconf 92' lang='lat' dir='ltr'>medium</span> 
     </span>
    </p>

    <p class='ocr_par' dir='ltr' id='par_1_10' title="bbox 16 2531 1177 2881">
     <span class='ocr_line' id='line_1_27' title="bbox 16 2531 1123 2619; baseline -0.005 -19"><span class='ocrx_word' id='word_1_209' title='bbox 16 2539 17 2576; x_wconf 72' lang='lat'><em>³</em></span> <span class='ocrx_word' id='word_1_210' title='bbox 110 2534 273 2619; x_wconf 49' lang='lat' dir='ltr'>protulit.¹</span> <span class='ocrx_word' id='word_1_211' title='bbox 303 2533 398 2598; x_wconf 91' lang='lat' dir='ltr'>Hunc</span> <span class='ocrx_word' id='word_1_212' title='bbox 421 2533 558 2598; x_wconf 90' lang='lat' dir='ltr'>iudicem</span> <span class='ocrx_word' id='word_1_213' title='bbox 582 2555 621 2598; x_wconf 87' lang='lat' dir='ltr'>ex</span> <span class='ocrx_word' id='word_1_214' title='bbox 647 2531 721 2596; x_wconf 90' lang='lat' dir='ltr'>Kal.</span> <span class='ocrx_word' id='word_1_215' title='bbox 743 2531 872 2597; x_wconf 86' lang='lat' dir='ltr'>Ianuar.</span> <span class='ocrx_word' id='word_1_216' title='bbox 898 2554 965 2597; x_wconf 92' lang='lat' dir='ltr'>non</span> <span class='ocrx_word' id='word_1_217' title='bbox 991 2532 1123 2597; x_wconf 87' lang='lat' dir='ltr'>habebi-</span> 
     </span>
     <span class='ocr_line' id='line_1_28' title="bbox 111 2619 1177 2707; baseline -0.005 -20"><span class='ocrx_word' id='word_1_218' title='bbox 111 2645 197 2707; x_wconf 88' lang='lat' dir='ltr'>mus;</span> <span class='ocrx_word' id='word_1_219' title='bbox 229 2619 266 2697; x_wconf 78' lang='lat' dir='ltr'>C.</span> <span class='ocrx_word' id='word_1_220' title='bbox 288 2620 447 2686; x_wconf 88' lang='lat' dir='ltr'>Manlium</span> <span class='ocrx_word' id='word_1_221' title='bbox 479 2626 512 2686; x_wconf 89' lang='lat' dir='ltr'>et</span> <span class='ocrx_word' id='word_1_222' title='bbox 540 2621 575 2696; x_wconf 79' lang='lat' dir='ltr'>C.</span> <span class='ocrx_word' id='word_1_223' title='bbox 599 2619 819 2704; x_wconf 89' lang='lat' dir='ltr'>Cornificium,</span> <span class='ocrx_word' id='word_1_224' title='bbox 850 2621 929 2685; x_wconf 92' lang='lat' dir='ltr'>duos</span> <span class='ocrx_word' id='word_1_225' title='bbox 958 2620 1123 2685; x_wconf 84' lang='lat' dir='ltr'>severissi-</span> <span class='ocrx_word' id='word_1_226' title='bbox 1142 2635 1177 2683; x_wconf 82' lang='lat'>30</span> 
     </span>
     <span class='ocr_line' id='line_1_29' title="bbox 111 2708 1122 2795; baseline -0.002 -21"><span class='ocrx_word' id='word_1_227' title='bbox 111 2732 182 2776; x_wconf 87' lang='lat' dir='ltr'>mos</span> <span class='ocrx_word' id='word_1_228' title='bbox 210 2713 309 2793; x_wconf 86' lang='lat' dir='ltr'>atque</span> <span class='ocrx_word' id='word_1_229' title='bbox 337 2709 567 2795; x_wconf 87' lang='lat' dir='ltr'>integerrimos</span> <span class='ocrx_word' id='word_1_230' title='bbox 594 2708 728 2793; x_wconf 85' lang='lat' dir='ltr'>iudices,</span> <span class='ocrx_word' id='word_1_231' title='bbox 758 2708 844 2793; x_wconf 92' lang='lat' dir='ltr'>qnod</span> <span class='ocrx_word' id='word_1_232' title='bbox 871 2708 995 2773; x_wconf 90' lang='lat' dir='ltr'>tribuni</span> <span class='ocrx_word' id='word_1_233' title='bbox 1017 2708 1122 2793; x_wconf 89' lang='lat' dir='ltr'>plebis</span> 
     </span>
     <span class='ocr_line' id='line_1_30' title="bbox 110 2794 1122 2881; baseline -0.002 -20"><span class='ocrx_word' id='word_1_234' title='bbox 110 2801 181 2863; x_wconf 91' lang='lat' dir='ltr'>tum</span> <span class='ocrx_word' id='word_1_235' title='bbox 210 2801 317 2881; x_wconf 89' lang='lat' dir='ltr'>erunt,</span> <span class='ocrx_word' id='word_1_236' title='bbox 344 2797 465 2862; x_wconf 87' lang='lat' dir='ltr'>iudices</span> <span class='ocrx_word' id='word_1_237' title='bbox 493 2818 560 2862; x_wconf 87' lang='lat' dir='ltr'>non</span> <span class='ocrx_word' id='word_1_238' title='bbox 586 2796 792 2881; x_wconf 73' lang='lat' dir='ltr'>habebimus,</span> <span class='ocrx_word' id='word_1_239' title='bbox 820 2796 855 2862; x_wconf 88' lang='lat' dir='ltr'>P.</span> <span class='ocrx_word' id='word_1_240' title='bbox 879 2794 1054 2880; x_wconf 84' lang='lat' dir='ltr'>Sulpicius,</span> <span class='ocrx_word' id='word_1_241' title='bbox 1077 2796 1122 2859; x_wconf 92' lang='lat' dir='ltr'>iu-</span> 
     </span>
    </p>

    <p class='ocr_par' dir='ltr' id='par_1_11' title="bbox 71 2885 1125 3322">
     <span class='ocr_line' id='line_1_31' title="bbox 71 2885 1125 2971; baseline -0.002 -21"><span class='ocrx_word' id='word_1_242' title='bbox 71 2901 97 2940; x_wconf 80' lang='lat'>³0</span> <span class='ocrx_word' id='word_1_243' title='bbox 111 2885 171 2950; x_wconf 86' lang='lat' dir='ltr'>dex</span> <span class='ocrx_word' id='word_1_244' title='bbox 207 2885 313 2950; x_wconf 84' lang='lat' dir='ltr'>tristis</span> <span class='ocrx_word' id='word_1_245' title='bbox 350 2890 382 2950; x_wconf 89' lang='lat' dir='ltr'>et</span> <span class='ocrx_word' id='word_1_246' title='bbox 418 2885 558 2971; x_wconf 88' lang='lat' dir='ltr'>integer,</span> <span class='ocrx_word' id='word_1_247' title='bbox 598 2885 828 2971; x_wconf 88' lang='lat' dir='ltr'>magistratum</span> <span class='ocrx_word' id='word_1_248' title='bbox 864 2885 953 2949; x_wconf 90' lang='lat' dir='ltr'>ineat</span> <span class='ocrx_word' id='word_1_249' title='bbox 994 2887 1125 2968; x_wconf 91' lang='lat' dir='ltr'>oportet</span> 
     </span>
     <span class='ocr_line' id='line_1_32' title="bbox 110 2971 1124 3058; baseline -0.003 -20"><span class='ocrx_word' id='word_1_250' title='bbox 110 2972 214 3040; x_wconf 90' lang='lat' dir='ltr'>Nonis</span> <span class='ocrx_word' id='word_1_251' title='bbox 257 2973 441 3057; x_wconf 84' lang='lat' dir='ltr'>Decembr.3</span> <span class='ocrx_word' id='word_1_252' title='bbox 478 2973 521 3038; x_wconf 90' lang='lat' dir='ltr'>M.</span> <span class='ocrx_word' id='word_1_253' title='bbox 559 2971 746 3058; x_wconf 77' lang='lat' dir='ltr'>Crepereius</span> <span class='ocrx_word' id='word_1_254' title='bbox 784 2995 822 3038; x_wconf 85' lang='lat' dir='ltr'>ex</span> <span class='ocrx_word' id='word_1_255' title='bbox 863 2972 1020 3038; x_wconf 86' lang='lat' dir='ltr'>acerrima</span> <span class='ocrx_word' id='word_1_256' title='bbox 1064 2972 1124 3036; x_wconf 88' lang='lat' dir='ltr'>illa</span> 
     </span>
     <span class='ocr_line' id='line_1_33' title="bbox 112 3059 1122 3147; baseline -0.005 -20"><span class='ocrx_word' id='word_1_257' title='bbox 112 3063 255 3147; x_wconf 90' lang='lat' dir='ltr'>equestri</span> <span class='ocrx_word' id='word_1_258' title='bbox 281 3061 409 3126; x_wconf 84' lang='lat' dir='ltr'>familia</span> <span class='ocrx_word' id='word_1_259' title='bbox 437 3065 469 3126; x_wconf 87' lang='lat' dir='ltr'>et</span> <span class='ocrx_word' id='word_1_260' title='bbox 496 3061 683 3146; x_wconf 88' lang='lat' dir='ltr'>disciplina,</span> <span class='ocrx_word' id='word_1_261' title='bbox 710 3061 746 3126; x_wconf 79' lang='lat' dir='ltr'>L.</span> <span class='ocrx_word' id='word_1_262' title='bbox 770 3060 901 3127; x_wconf 78' lang='lat' dir='ltr'>Cassius</span> <span class='ocrx_word' id='word_1_263' title='bbox 930 3082 968 3124; x_wconf 83' lang='lat' dir='ltr'>ex</span> <span class='ocrx_word' id='word_1_264' title='bbox 995 3059 1122 3123; x_wconf 79' lang='lat' dir='ltr'>familia</span> 
     </span>
     <span class='ocr_line' id='line_1_34' title="bbox 110 3147 1123 3234; baseline -0.003 -19"><span class='ocrx_word' id='word_1_265' title='bbox 110 3172 184 3215; x_wconf 91' lang='lat' dir='ltr'>cum</span> <span class='ocrx_word' id='word_1_266' title='bbox 212 3150 254 3215; x_wconf 90' lang='lat' dir='ltr'>ad</span> <span class='ocrx_word' id='word_1_267' title='bbox 283 3154 407 3216; x_wconf 84' lang='lat' dir='ltr'>ceteras</span> <span class='ocrx_word' id='word_1_268' title='bbox 430 3171 496 3234; x_wconf 87' lang='lat' dir='ltr'>res,</span> <span class='ocrx_word' id='word_1_269' title='bbox 522 3154 593 3214; x_wconf 93' lang='lat' dir='ltr'>tum</span> <span class='ocrx_word' id='word_1_270' title='bbox 617 3149 885 3214; x_wconf 87' lang='lat' dir='ltr'>adiudicandum</span> <span class='ocrx_word' id='word_1_271' title='bbox 909 3147 1123 3232; x_wconf 84' lang='lat' dir='ltr'>severissima,</span> 
     </span>
     <span class='ocr_line' id='line_1_35' title="bbox 110 3235 1122 3322; baseline -0.003 -19"><span class='ocrx_word' id='word_1_272' title='bbox 110 3237 167 3303; x_wconf 86' lang='lat' dir='ltr'>Cn</span> <span class='ocrx_word' id='word_1_273' title='bbox 192 3238 399 3322; x_wconf 84' lang='lat' dir='ltr'>Tremellius,</span> <span class='ocrx_word' id='word_1_274' title='bbox 425 3237 524 3303; x_wconf 92' lang='lat' dir='ltr'>homo</span> <span class='ocrx_word' id='word_1_275' title='bbox 554 3259 680 3303; x_wconf 92' lang='lat' dir='ltr'>summa</span> <span class='ocrx_word' id='word_1_276' title='bbox 707 3236 864 3322; x_wconf 90' lang='lat' dir='ltr'>religione</span> <span class='ocrx_word' id='word_1_277' title='bbox 888 3239 921 3300; x_wconf 91' lang='lat' dir='ltr'>et</span> <span class='ocrx_word' id='word_1_278' title='bbox 944 3235 1122 3321; x_wconf 88' lang='lat' dir='ltr'>diligentia,</span> 
     </span>
    </p>

    <p class='ocr_par' dir='ltr' id='par_1_12' title="bbox 69 3324 1122 3587">
     <span class='ocr_line' id='line_1_36' title="bbox 69 3324 1116 3392; baseline -0.001 -1"><span class='ocrx_word' id='word_1_279' title='bbox 69 3340 95 3380; x_wconf 77' lang='lat'>³⁵</span> <span class='ocrx_word' id='word_1_280' title='bbox 111 3330 180 3392; x_wconf 88' lang='lat' dir='ltr'>tres</span> <span class='ocrx_word' id='word_1_281' title='bbox 207 3327 243 3391; x_wconf 90' lang='lat' dir='ltr'>hi</span> <span class='ocrx_word' id='word_1_282' title='bbox 272 3326 420 3392; x_wconf 89' lang='lat' dir='ltr'>homines</span> <span class='ocrx_word' id='word_1_283' title='bbox 447 3330 572 3392; x_wconf 87' lang='lat' dir='ltr'>veteres</span> <span class='ocrx_word' id='word_1_284' title='bbox 600 3326 725 3391; x_wconf 91' lang='lat' dir='ltr'>tribuni</span> <span class='ocrx_word' id='word_1_285' title='bbox 751 3324 910 3388; x_wconf 89' lang='lat' dir='ltr'>militares</span> <span class='ocrx_word' id='word_1_286' title='bbox 939 3328 1015 3388; x_wconf 89' lang='lat' dir='ltr'>sunt</span> <span class='ocrx_word' id='word_1_287' title='bbox 1042 3324 1116 3390; x_wconf 87' lang='lat' dir='ltr'>desi·</span> 
     </span>
     <span class='ocr_line' id='line_1_37' title="bbox 112 3409 1122 3500; baseline -0.004 -19"><span class='ocrx_word' id='word_1_288' title='bbox 112 3415 217 3500; x_wconf 81' lang='lat' dir='ltr'>gnati3</span> <span class='ocrx_word' id='word_1_289' title='bbox 244 3436 282 3479; x_wconf 88' lang='lat' dir='ltr'>ex</span> <span class='ocrx_word' id='word_1_290' title='bbox 305 3415 379 3480; x_wconf 85' lang='lat' dir='ltr'>Kal.</span> <span class='ocrx_word' id='word_1_291' title='bbox 401 3415 528 3480; x_wconf 87' lang='lat' dir='ltr'>Ianuar.</span> <span class='ocrx_word' id='word_1_292' title='bbox 551 3436 617 3480; x_wconf 92' lang='lat' dir='ltr'>nou</span> <span class='ocrx_word' id='word_1_293' title='bbox 638 3413 835 3478; x_wconf 78' lang='lat' dir='ltr'>iudicabunt.</span> <span class='ocrx_word' id='word_1_294' title='bbox 881 3409 1122 3478; x_wconf 74' lang='lat' dir='ltr'>subsortiemur</span> 
     </span>
     <span class='ocr_line' id='line_1_38' title="bbox 112 3501 1122 3587; baseline -0.002 -19"><span class='ocrx_word' id='word_1_295' title='bbox 112 3503 212 3570; x_wconf 85' lang='lat' dir='ltr'>etiarn</span> <span class='ocrx_word' id='word_1_296' title='bbox 230 3503 265 3567; x_wconf 93' lang='lat' dir='ltr'>in</span> <span class='ocrx_word' id='word_1_297' title='bbox 283 3503 324 3569; x_wconf 78' lang='lat' dir='ltr'>M</span> <span class='ocrx_word' id='word_1_298' title='bbox 345 3503 471 3569; x_wconf 90' lang='lat' dir='ltr'>Metelli</span> <span class='ocrx_word' id='word_1_299' title='bbox 489 3504 605 3587; x_wconf 88' lang='lat' dir='ltr'>locum,</span> <span class='ocrx_word' id='word_1_300' title='bbox 629 3501 780 3587; x_wconf 87' lang='lat' dir='ltr'>quoniam</span> <span class='ocrx_word' id='word_1_301' title='bbox 799 3501 827 3566; x_wconf 90' lang='lat' dir='ltr'>is</span> <span class='ocrx_word' id='word_1_302' title='bbox 846 3501 921 3566; x_wconf 90' lang='lat' dir='ltr'>huic</span> <span class='ocrx_word' id='word_1_303' title='bbox 940 3501 1005 3586; x_wconf 91' lang='lat' dir='ltr'>ipsi</span> <span class='ocrx_word' id='word_1_304' title='bbox 1028 3523 1122 3586; x_wconf 88' lang='lat' dir='ltr'>quae·</span> 
     </span>
    </p>

    <p class='ocr_par' dir='ltr' id='par_1_13' title="bbox 816 3605 961 3663">
     <span class='ocr_line' id='line_1_39' title="bbox 816 3605 961 3663; baseline -0.021 0"><span class='ocrx_word' id='word_1_305' title='bbox 816 3658 821 3663; x_wconf 93' lang='lat'><strong>.</strong></span> <span class='ocrx_word' id='word_1_306' title='bbox 924 3605 961 3660; x_wconf 79' lang='lat'>9*</span> 
     </span>
    </p>
   </div>
   <div class='ocr_carea' id='block_1_3' title="bbox 0 0 1306 3880">
    <p class='ocr_par' dir='ltr' id='par_1_14' title="bbox 0 0 1306 3880">
     <span class='ocr_line' id='line_1_40' title="bbox 0 0 1306 3880; baseline 0 0"><span class='ocrx_word' id='word_1_307' title='bbox 0 0 1306 3880; x_wconf 95' lang='lat' dir='ltr'> </span> 
     </span>
    </p>
   </div>
  </div>
 </body>
</html>
