2622 3884
332 228 402 283 LIB.
421 229 460 282 IV
488 229 564 284 CAP.
584 235 690 285 att-28
709 236 723 296 5
743 236 857 287 58-64.
1032 233 1098 298 389

86 377 242 458 praetore
260 372 350 439 venit
369 371 556 457 Syracusas.
592 373 654 439 Hic
664 373 782 440 Verres
801 375 1014 442 hereditatem
1035 377 1099 444 sibi
1117 393 1151 444 62

87 461 217 527 venisse
237 462 416 528 arbitratus
435 466 495 547 est,
517 462 604 546 quod
621 463 657 526 in
675 462 744 528 eius
762 484 899 550 regnum
922 487 960 531 ac
983 488 1098 531 manus

87 553 225 616 venerat
249 550 292 634 is,
319 571 416 635 quem
438 549 501 616 iste
524 554 557 615 et
580 550 727 616 audierat
749 553 855 618 multa
877 574 985 619 secum
1007 576 1099 639 prae·

89 638 181 704 clara
207 638 328 705 habere
356 643 390 703 et
412 637 648 724 suspicabatur.
688 639 795 704 Mittit
816 640 942 707 homini
964 664 1099 708 munera
1207 636 1209 642 ’

58 727 173 792 ⁵satis
192 727 284 812 large
302 726 383 793 haec
402 727 443 792 ad
460 748 555 793 usum
579 727 804 793 domesticum:
827 729 900 815 olei,
921 729 989 795 vini
1006 732 1100 816 quod

88 815 198 880 visum
221 818 286 900 est,
312 815 413 880 etiam
434 814 536 881 tritici
560 816 646 901 quod
668 816 749 882 satis
773 820 872 902 esset,
895 817 934 883 de
958 819 1024 884 suis
1048 818 1099 885 de·

90 904 204 970 cumis.
245 903 369 972 Deinde
392 904 501 989 ipsum
523 925 634 991 regem
658 904 699 970 ad
722 925 834 971 cenam
856 906 994 972 vocavit.
1034 907 1100 972 Ex·

90 995 189 1058 ornat
202 993 310 1076 ample
325 992 559 1078 magnificeque
572 992 764 1078 triclinium5
777 994 911 1080 exponit
924 1016 971 1077 ea,
982 995 1100 1079 quibus

90 1080 292 1164 abundabat,
328 1080 470 1165 plurima
506 1084 539 1145 et
569 1081 789 1165 pulcherrima
807 1103 899 1148 *vasa
931 1087 1100 1170 augentem

47 1191 169 1234 ronam
187 1169 268 1234 haec
287 1190 386 1233 aurea
402 1168 546 1234 nondum
565 1168 700 1254 fecerat3
723 1169 873 1236 omnibus
892 1175 985 1236 curat
1002 1171 1100 1237 rebus

91 1258 289 1323 instructum
303 1260 337 1321 et
354 1260 506 1342 paratum
524 1260 563 1322 ut
579 1256 624 1322 sit
642 1257 834 1324 convivium.
871 1257 955 1334 Quid
973 1260 1100 1326 multa?

91 1367 149 1410 rex
176 1346 225 1411 ita
251 1345 413 1428 discessit,
440 1349 478 1410 ut
503 1349 537 1411 et
558 1345 659 1410 istum
682 1346 811 1431 copiose
834 1351 986 1413 ornatum
1009 1353 1042 1413 et
1065 1369 1099 1412 se

90 1433 268 1499 honorifice
305 1438 473 1518 acceptum
505 1434 728 1500 arbitraretur.
775 1433 883 1501 Vocat
914 1435 955 1500 ad
987 1459 1100 1502 cenam

92 1521 206 1587 deinde
237 1522 308 1607 ipse
339 1524 537 1605 praetorem,
570 1522 702 1606 exponit
734 1543 809 1588 aues
842 1523 951 1608 copias
985 1525 1100 1610 omnis,

49 1628 76 1670 ιι
92 1611 233 1675 multum
261 1613 447 1697 argentum,
473 1631 541 1674 non
562 1631 665 1693 pauca
688 1609 786 1675 etiam
808 1612 927 1694 pocula
950 1634 988 1677 ex
1012 1634 1101 1696 auro,

94 1720 185 1783 quae,
207 1702 245 1764 ut
263 1719 334 1764 mos
353 1702 404 1763 est
425 1697 535 1784 regius
558 1700 592 1762 et
614 1697 754 1762 maxime
775 1697 812 1762 in
833 1696 938 1783 Syria,
962 1700 1100 1785 gemmis

93 1791 187 1852 erant
205 1786 359 1852 distincta
380 1785 580 1852 clarissimis.
621 1784 704 1850 Erat
727 1785 826 1850 etiam
848 1808 907 1852 vas
930 1787 1101 1872 vinarium,

93 1897 133 1940 ex
163 1896 229 1940 nna
260 1895 391 1962 gemma
416 1873 592 1962 pergrandi
620 1874 721 1938 trulla
748 1878 903 1940 excavata
928 1876 1100 1941 manubrio

94 1984 206 2046 auree,
238 1963 276 2028 de
304 1983 381 2048 qua,
412 1962 521 2046 credo,
554 1961 634 2028 satis
661 1961 827 2046 idoneum,
859 1962 940 2028 satis
967 1985 1100 2049 gravem

49 2071 79 2110 eo
93 2054 220 2136 testem,
239 2050 276 2128 Q.
289 2051 475 2136 Minucium,
494 2051 598 2117 dicere
616 2049 762 2116 audistis.
797 2050 865 2116 lste
884 2073 983 2116 unum
1003 2051 1100 2136 quod·
1119 2065 1153 2114 63

94 2160 156 2225 que
170 2139 277 2205 rasin
289 2160 405 2205 manus
420 2161 555 2222 sumere,
569 2139 710 2222 laudare,
724 2138 845 2204 mirari.
876 2137 947 2204 Rex
961 2140 1101 2225 gaudere

92 2226 1102 2401 tettapartieritatttritlttaiffllt

94 2404 240 2491 cogitare
258 2403 341 2469 nihil
360 2403 423 2469 iste
442 2404 539 2488 aliud,
562 2405 648 2488 quod
666 2404 738 2490 ipsa
756 2425 808 2469 res
827 2404 1014 2490 declaravit,
1036 2405 1102 2471 nisi

51 2512 78 2551 ιι
94 2515 191 2577 quem
223 2492 265 2558 ad
291 2491 423 2557 modum
449 2513 560 2579 regem
588 2513 626 2557 ex
651 2492 818 2577 provincia
845 2493 1022 2577 spoliatum
1051 2515 1102 2558 ex·

93 2580 297 2666 pilatumque
315 2579 503 2646 dimitteret.
544 2579 650 2646 Mittit
671 2583 824 2666 rogatum
847 2602 927 2647 vasa
950 2603 996 2666 ea,
1020 2603 1102 2667 quae

95 2667 316 2753 pulcherrima
329 2668 414 2753 apud
429 2690 502 2733 eum
520 2668 661 2752 viderat3
679 2668 726 2732 ait
744 2690 779 2733 se
797 2668 865 2734 suis
884 2669 1102 2735 caelatoribus

94 2757 180 2822 velle
199 2756 376 2822 ostendere.
417 2755 496 2840 Rex,
520 2755 575 2840 qui
592 2756 688 2821 illum
709 2777 776 2821 non
797 2761 919 2840 nosset,
941 2757 1010 2822 sine
1033 2758 1103 2822 ulla

95 2843 277 2929 suspicione
308 2844 525 2910 libentissime
556 2844 652 2910 dedit.
701 2843 807 2909 Mittit
838 2845 938 2910 etiam
967 2845 1102 2909 trullam

52 2950 80 2990 ιο
96 2953 279 3019 gemmeam
301 2936 467 3019 rogatum3
492 2932 577 2998 velle
600 2953 634 2998 se
658 2954 729 2998 eam
748 2932 937 3018 diligentius
960 2931 1103 2998 conside·

93 3042 175 3086 rare.
216 3020 268 3087 Ea
290 3043 418 3106 quoque
440 3021 470 3086 ei
493 3021 644 3087 mittitur.
1111 3070 1154 3134 28

161 3108 258 3175 Nunc
279 3109 455 3194 reliquum,
481 3108 616 3193 iudices,
642 3107 814 3192 attendite,
837 3108 876 3172 de
899 3128 963 3191 quo
987 3110 1020 3172 et
1042 3129 1101 3174 vos
1120 3147 1155 3197 64

95 3197 232 3262 audistis
251 3201 285 3262 et
301 3198 442 3282 populus
459 3197 626 3263 Romanus
644 3218 711 3263 non
727 3217 813 3261 nunc
830 3195 971 3282 primum
993 3195 1101 3262 audiet

94 3288 128 3350 et
149 3284 184 3350 in
207 3286 326 3351 exteris
347 3285 536 3351 nationibus
559 3307 661 3370 usque
684 3284 726 3349 ad
748 3284 881 3350 ultimas
904 3287 1009 3350 terras
1031 3307 1102 3371 per·

53 3391 78 3432 aa
93 3377 250 3459 vagatum
266 3377 325 3439 est.
358 3371 598 3440 Candelabrum
612 3395 629 3438 e
644 3372 782 3460 gemmis
797 3371 986 3455 clarissimis
1005 3393 1101 3457 opere

93 3461 237 3526 mirabili
263 3461 444 3547 perfectum
469 3483 563 3548 reges
585 3461 624 3545 ii,
651 3481 733 3546 quos
756 3461 840 3546 dico,
866 3462 1005 3527 Romam
1028 3484 1102 3527 cum

93 3550 296 3635 attulissent,
327 3555 366 3616 ut
392 3551 428 3616 in
452 3548 615 3635 Capitolio
643 3553 813 3636 ponerent,
845 3549 931 3634 quod
956 3550 1101 3616 nondum
