2600 3878
338 197 405 252 ΜΒ.
420 197 459 252 111
493 197 690 254 carce-71
711 203 726 265 s
746 205 894 255 rea-16⁷.
1058 198 1123 264 337

111 343 211 409 iudici
237 341 351 428 possit.
397 339 461 407 Sed
487 363 548 428 ego
576 342 705 408 habebo
733 343 894 408 rationem
917 344 1123 410 auctoritatis

113 454 214 516 meae,
233 431 420 515 meminero,
439 453 502 515 quo
519 431 626 496 animo
642 435 675 495 et
694 453 756 516 quo
776 432 912 497 oonsilio
933 433 973 497 ad
992 455 1124 498 eausam

112 520 278 606 publicam
311 519 515 602 accesserim3
547 541 614 585 non
646 541 742 606 agam
775 523 883 585 tecum
915 521 1123 606 accusatorie,

111 609 196 673 nihil
218 609 356 694 fingam,
380 608 463 672 nihil
488 608 637 692 cuiquam
659 607 794 692 probari
815 609 890 674 volo
913 631 966 674 me
989 610 1123 694 dicente,

84 697 200 782 squod
227 718 294 762 non
320 700 396 761 ante
424 696 574 761 mihimet
600 697 663 781 ipsi
690 697 866 782 probatum
889 697 942 762 sit.
982 698 1021 762 In
1043 698 1178 764 haclea

112 785 250 871 pecunia
269 785 414 870 publica,
437 785 570 868 iudices,
594 784 674 850 haec
696 785 808 850 insunt
830 785 895 850 tria
918 807 1037 870 genera
1058 787 1123 851 fur-

112 879 236 958 torum,
262 874 419 958 primurn,
447 895 519 938 oum
546 873 655 958 posita
683 877 769 938 esset
795 874 932 958 pecunia
959 874 1045 958 apud
1068 896 1122 940 eas

114 963 296 1046 societates,
318 961 402 1026 unde
422 965 492 1044 erat
511 962 680 1045 attributa,
702 961 789 1026 binis
808 963 992 1027 centesimis
1015 962 1123 1027 faene-

113 1055 206 1114 ratus
234 1053 296 1134 est,
324 1050 436 1114 deinde
463 1051 633 1135 permultis
662 1049 848 1115 civitatibus
875 1073 935 1136 pro
958 1050 1122 1116 fruniento

73 1157 100 1198 ιο
113 1138 198 1203 nihil
226 1139 324 1203 solvit
351 1138 497 1221 omnino,
523 1142 704 1223 postremo,
725 1139 760 1203 ‘si
787 1139 839 1205 cui
865 1139 992 1204 civitati
1014 1139 1122 1222 solvit,

114 1230 244 1291 tantum
263 1225 411 1312 detraxit,
430 1231 588 1311 quantum
607 1227 812 1292 commodum
830 1227 902 1311 snit,
922 1227 1014 1312 nulli,
1038 1228 1124 1312 quod

115 1315 260 1379 debitum
283 1319 346 1396 est,
369 1315 518 1380 reddidit.

115 1416 117 1422 '
181 1403 230 1469 Ac
256 1403 397 1489 primum
424 1403 486 1468 hoc
514 1425 552 1468 ex
578 1407 612 1468 te
641 1426 775 1488 quaero,
801 1407 853 1488 tu,
880 1404 932 1469 cui
956 1405 1124 1489 publicani
1135 1404 1174 1468 71

114 1514 154 1557 ex
176 1489 345 1576 Carpinati
368 1491 488 1556 litteris
513 1492 637 1578 gratias
661 1495 811 1578 egerunt,
833 1493 971 1577 pecunia
993 1494 1124 1577 publica

75 1599 100 1638 1⁵
115 1602 154 1645 ex
173 1580 298 1645 aerario
318 1584 461 1666 erogata,
485 1602 524 1644 ex
542 1581 758 1665 vectigalibus
781 1581 895 1666 populi
918 1581 1060 1645 Romani
1083 1582 1124 1647 ad

114 1668 285 1734 emendum
311 1669 511 1733 frumentum
534 1669 696 1733 attributa
717 1668 857 1732 fueritne
879 1669 942 1732 tibi
965 1671 1124 1755 quaestui,

114 1757 328 1843 pensitaritne
360 1757 422 1821 tibi
453 1757 548 1822 binas
580 1756 783 1822 centesimas,
833 1755 936 1822 Credo
966 1760 1000 1821 te
1027 1779 1124 1844 nega-

114 1851 239 1930 turum3
262 1846 367 1930 turpis
387 1845 473 1909 enim
493 1849 543 1910 est
562 1848 594 1909 et
612 1845 796 1930 periculosa
813 1844 982 1909 confessio.
1023 1845 1105 1911 Mihi
1127 1853 1177 1902 166

117 1938 227 1998 autem
245 1934 307 1999 hoc
330 1933 526 2019 perarduum
549 1936 599 1997 est
622 1933 853 1997 demonstrare.
891 1932 1014 2008 Quibus
1037 1935 1124 1998 enim

74 2039 102 2079 2⁰
115 2023 276 2087 testibus?
308 2021 512 2105 publicanis?
553 2021 699 2087 Tractati
721 2021 897 2086 honorifice
921 2025 1010 2105 sunt3
1037 2025 1122 2087 tace·

115 2111 206 2175 bunt.
237 2109 372 2175 Litteris
387 2109 520 2175 eorum?
553 2109 692 2175 Decreto
710 2110 960 2175 decumanorum
979 2114 1124 2175 remotae

117 2202 201 2264 sunt.
252 2197 321 2273 Quo
350 2220 400 2262 me
427 2198 529 2284 igitur
556 2199 705 2262 vortam?
738 2219 808 2262 rem
835 2201 904 2261 tam
929 2197 1123 2283 improbam,

116 2287 239 2353 crimen
257 2288 369 2351 tantae
388 2286 540 2351 audaciae
559 2289 735 2371 tantaeque
757 2285 966 2370 inpudentiae
988 2292 1124 2372 propter

116 2375 261 2460 inopiam
288 2374 422 2438 testium
452 2397 489 2440 ao
512 2375 698 2439 litterarum
724 2375 1007 2459 praetermittam?
1049 2375 1150 2440 Non·

76 2463 243 2547 arsacium,
265 2463 395 2547 iudices,
418 2466 493 2528 utar
510 2465 595 2526 teste
618 2500 659 2509 -
685 2464 770 2547 quo?
802 2462 838 2527 P.
847 2461 959 2528 Vettio
979 2461 1124 2548 Chilone,

116 2552 247 2617 homine
284 2551 444 2635 equestris
481 2550 603 2615 ordinis
639 2550 869 2616 honestissimo
903 2555 1000 2635 atque
1033 2575 1125 2617 orna

116 2640 260 2724 tissimo,
286 2640 342 2724 qui
365 2639 421 2703 isti
444 2639 491 2703 ita
514 2642 547 2704 εὴ
570 2639 692 2704 amicus
717 2643 749 2703 et
772 2639 972 2705 necessarius
997 2644 1055 2724 est,
1078 2644 1124 2724 ut,

118 2728 246 2792 etiamsi
281 2729 333 2792 vir
363 2728 468 2793 bonus
499 2749 566 2792 non
598 2731 696 2811 esset,
732 2731 856 2812 tamen,
893 2727 979 2812 quod
1011 2731 1124 2793 contra

117 2817 217 2881 istum
241 2817 375 2900 diceret,
400 2837 500 2902 grave
522 2815 699 2899 videretur,
722 2815 770 2889 ita
792 2817 842 2880 vir
864 2816 969 2879 bonus
993 2818 1056 2899 est,
1078 2819 1125 2899 ut,

78 2921 104 2961 ³0
118 2905 248 2969 etiamsi
267 2904 507 2969 inimicissimus
526 2904 583 2968 isti
602 2908 696 2988 esset,
719 2908 831 2968 tamen
849 2903 917 2968 eius
936 2903 1124 2968 testimonio

118 2993 205 3059 credi
227 2996 402 3078 oporteret.

185 3079 376 3145 Admiratur
399 3084 432 3144 et
455 3085 612 3168 expectat,
636 3081 789 3165 quidnam
807 3078 939 3143 Vettius
963 3077 1107 3143 dicturus
1127 3083 1174 3133 1⁰7

119 3170 170 3234 sit.
211 3169 304 3234 Nihil
332 3169 417 3234 dicet
444 3191 483 3234 ex
509 3174 669 3254 tempore,
695 3168 778 3232 nihil
804 3190 843 3232 ex
866 3188 925 3230 sua
946 3167 1125 3251 voluntate,

117 3257 212 3340 nihil,
240 3279 314 3323 cum
340 3257 501 3322 utrumvis
529 3257 657 3322 licuisse
685 3256 841 3320 videatur.
882 3253 974 3319 Misit
996 3255 1125 3319 litteras

81 3362 104 3402 ⁸⁵
118 3346 153 3410 in
171 3345 316 3411 Siciliam
335 3345 377 3411 ad
394 3344 628 3430 Carpinatium,
651 3367 724 3409 cum
743 3348 829 3409 esset
847 3343 1004 3428 magister
1028 3343 1125 3428 serip-

117 3438 211 3498 turae
243 3438 276 3498 et
309 3456 364 3498 sex
393 3434 610 3519 publicorum,
644 3454 723 3516 quas
752 3453 812 3518 ego
841 3430 1010 3515 Syracusis
1040 3431 1126 3516 apud

118 3520 345 3606 Carpinatium
362 3522 397 3586 in
415 3523 601 3586 litterarum
623 3521 797 3585 allatarum
820 3520 923 3603 libris,
945 3519 1068 3586 Romae
1090 3520 1126 3584 in

170 3633 224 3678 oro.
238 3635 269 3677 m
285 3637 303 3676 1.
878 3630 911 3677 aa
