<?xml version="1.0" encoding="UTF-8"?>
<!DOCTYPE html PUBLIC "-//W3C//DTD XHTML 1.0 Transitional//EN"
    "http://www.w3.org/TR/xhtml1/DTD/xhtml1-transitional.dtd">
<html xmlns="http://www.w3.org/1999/xhtml" xml:lang="en" lang="en">
 <head>
  <title>
</title>
<meta http-equiv="Content-Type" content="text/html;charset=utf-8" />
  <meta name='ocr-system' content='tesseract 3.04.00' />
  <meta name='ocr-capabilities' content='ocr_page ocr_carea ocr_par ocr_line ocrx_word'/>
</head>
<body>
  <div class='ocr_page' id='page_1' title='image "./scriptaquaemans01mullgoog_0169.png"; bbox 0 0 2564 3876; ppageno 0'>
   <div class='ocr_carea' id='block_1_1' title="bbox 179 215 1017 282">
    <p class='ocr_par' dir='ltr' id='par_1_1' title="bbox 179 215 1017 282">
     <span class='ocr_line' id='line_1_1' title="bbox 179 215 1017 282; baseline 0.002 -12"><span class='ocrx_word' id='word_1_1' title='bbox 179 219 223 282; x_wconf 82' lang='lat'><strong>54</strong></span> <span class='ocrx_word' id='word_1_2' title='bbox 347 215 419 271; x_wconf 90' lang='lat' dir='ltr'><strong>PRO</strong></span> <span class='ocrx_word' id='word_1_3' title='bbox 438 215 515 272; x_wconf 81' lang='lat' dir='ltr'>SEX.</span> <span class='ocrx_word' id='word_1_4' title='bbox 535 215 664 272; x_wconf 76' lang='lat' dir='ltr'><strong>Roscio</strong></span> <span class='ocrx_word' id='word_1_5' title='bbox 683 215 852 271; x_wconf 80' lang='lat' dir='ltr'>AMERINO</span> <span class='ocrx_word' id='word_1_6' title='bbox 871 215 1017 272; x_wconf 79' lang='lat' dir='ltr'>ORATIO.</span> 
     </span>
    </p>
   </div>
   <div class='ocr_carea' id='block_1_2' title="bbox 108 361 1280 3622">
    <p class='ocr_par' dir='ltr' id='par_1_2' title="bbox 179 361 1195 448">
     <span class='ocr_line' id='line_1_2' title="bbox 179 361 1195 448; baseline -0.001 -21"><span class='ocrx_word' id='word_1_7' title='bbox 179 361 341 427; x_wconf 89' lang='lat' dir='ltr'><strong>stituisset</strong></span> <span class='ocrx_word' id='word_1_8' title='bbox 358 361 393 426; x_wconf 91' lang='lat' dir='ltr'><strong>in</strong></span> <span class='ocrx_word' id='word_1_9' title='bbox 411 383 493 445; x_wconf 91' lang='lat' dir='ltr'><strong>eum,</strong></span> <span class='ocrx_word' id='word_1_10' title='bbox 517 361 572 446; x_wconf 91' lang='lat' dir='ltr'><strong>qui</strong></span> <span class='ocrx_word' id='word_1_11' title='bbox 592 364 761 448; x_wconf 90' lang='lat' dir='ltr'><strong>parentem</strong></span> <span class='ocrx_word' id='word_1_12' title='bbox 782 364 939 445; x_wconf 76' lang='lat' dir='ltr'><strong>necasset,</strong></span> <span class='ocrx_word' id='word_1_13' title='bbox 962 361 1131 446; x_wconf 88' lang='lat' dir='ltr'><strong>respondit</strong></span> <span class='ocrx_word' id='word_1_14' title='bbox 1155 383 1195 426; x_wconf 91' lang='lat' dir='ltr'><strong>se</strong></span> 
     </span>
    </p>

    <p class='ocr_par' dir='ltr' id='par_1_3' title="bbox 177 447 1280 1336">
     <span class='ocr_line' id='line_1_3' title="bbox 177 447 1193 535; baseline -0.001 -20"><span class='ocrx_word' id='word_1_15' title='bbox 177 451 211 515; x_wconf 88' lang='lat' dir='ltr'><strong>id</strong></span> <span class='ocrx_word' id='word_1_16' title='bbox 224 449 386 515; x_wconf 89' lang='lat' dir='ltr'><strong>neminem</strong></span> <span class='ocrx_word' id='word_1_17' title='bbox 400 448 562 514; x_wconf 87' lang='lat' dir='ltr'><strong>facturum</strong></span> <span class='ocrx_word' id='word_1_18' title='bbox 576 453 717 535; x_wconf 88' lang='lat' dir='ltr'><strong>putasse.</strong></span> <span class='ocrx_word' id='word_1_19' title='bbox 749 447 919 534; x_wconf 77' lang='lat' dir='ltr'>Sapienter</span> <span class='ocrx_word' id='word_1_20' title='bbox 932 448 1048 515; x_wconf 87' lang='lat' dir='ltr'><strong>fecisse</strong></span> <span class='ocrx_word' id='word_1_21' title='bbox 1063 450 1193 533; x_wconf 88' lang='lat' dir='ltr'><strong>dicitur,</strong></span> 
     </span>
     <span class='ocr_line' id='line_1_4' title="bbox 178 537 1194 622; baseline -0.003 -18"><span class='ocrx_word' id='word_1_22' title='bbox 178 561 251 604; x_wconf 92' lang='lat' dir='ltr'><strong>cum</strong></span> <span class='ocrx_word' id='word_1_23' title='bbox 271 538 310 603; x_wconf 92' lang='lat' dir='ltr'><strong>de</strong></span> <span class='ocrx_word' id='word_1_24' title='bbox 329 559 367 603; x_wconf 92' lang='lat' dir='ltr'><strong>eo</strong></span> <span class='ocrx_word' id='word_1_25' title='bbox 384 537 468 604; x_wconf 84' lang='lat' dir='ltr'><strong>nihil</strong></span> <span class='ocrx_word' id='word_1_26' title='bbox 488 538 639 621; x_wconf 78' lang='lat' dir='ltr'><strong>sanxerit,</strong></span> <span class='ocrx_word' id='word_1_27' title='bbox 663 537 749 622; x_wconf 89' lang='lat' dir='ltr'><strong>quod</strong></span> <span class='ocrx_word' id='word_1_28' title='bbox 771 541 868 603; x_wconf 84' lang='lat' dir='ltr'><strong>antea</strong></span> <span class='ocrx_word' id='word_1_29' title='bbox 890 538 1100 603; x_wconf 90' lang='lat' dir='ltr'><strong>commissum</strong></span> <span class='ocrx_word' id='word_1_30' title='bbox 1121 559 1194 603; x_wconf 90' lang='lat' dir='ltr'><strong>non</strong></span> 
     </span>
     <span class='ocr_line' id='line_1_5' title="bbox 178 625 1191 711; baseline -0.003 -19"><span class='ocrx_word' id='word_1_31' title='bbox 178 629 258 710; x_wconf 87' lang='lat' dir='ltr'><strong>erat,</strong></span> <span class='ocrx_word' id='word_1_32' title='bbox 280 648 320 691; x_wconf 92' lang='lat' dir='ltr'><strong>ne</strong></span> <span class='ocrx_word' id='word_1_33' title='bbox 338 648 405 692; x_wconf 90' lang='lat' dir='ltr'><strong>non</strong></span> <span class='ocrx_word' id='word_1_34' title='bbox 422 629 491 691; x_wconf 87' lang='lat' dir='ltr'><strong>tam</strong></span> <span class='ocrx_word' id='word_1_35' title='bbox 510 625 681 711; x_wconf 89' lang='lat' dir='ltr'><strong>prohibere</strong></span> <span class='ocrx_word' id='word_1_36' title='bbox 701 647 798 710; x_wconf 89' lang='lat' dir='ltr'><strong>quam</strong></span> <span class='ocrx_word' id='word_1_37' title='bbox 821 626 994 691; x_wconf 89' lang='lat' dir='ltr'><strong>admonere</strong></span> <span class='ocrx_word' id='word_1_38' title='bbox 1016 627 1191 692; x_wconf 82' lang='lat' dir='ltr'><strong>videretur.</strong></span> 
     </span>
     <span class='ocr_line' id='line_1_6' title="bbox 179 714 1222 800; baseline -0.004 -21"><span class='ocrx_word' id='word_1_39' title='bbox 179 715 308 792; x_wconf 82' lang='lat' dir='ltr'><strong>Quanto</strong></span> <span class='ocrx_word' id='word_1_40' title='bbox 319 714 426 780; x_wconf 90' lang='lat' dir='ltr'><strong>nostri</strong></span> <span class='ocrx_word' id='word_1_41' title='bbox 439 715 578 779; x_wconf 88' lang='lat' dir='ltr'><strong>maiores</strong></span> <span class='ocrx_word' id='word_1_42' title='bbox 593 714 784 799; x_wconf 85' lang='lat' dir='ltr'><strong>sapientius!</strong></span> <span class='ocrx_word' id='word_1_43' title='bbox 804 714 946 798; x_wconf 92' lang='lat' dir='ltr'><strong>quicum</strong></span> <span class='ocrx_word' id='word_1_44' title='bbox 959 715 1193 800; x_wconf 69' lang='lat' dir='ltr'><strong>intellegerent</strong></span> <span class='ocrx_word' id='word_1_45' title='bbox 1208 735 1222 774; x_wconf 75' lang='lat' dir='ltr'><strong>a</strong></span> 
     </span>
     <span class='ocr_line' id='line_1_7' title="bbox 177 802 1192 887; baseline -0.002 -19"><span class='ocrx_word' id='word_1_46' title='bbox 177 804 261 868; x_wconf 90' lang='lat' dir='ltr'><strong>nihil</strong></span> <span class='ocrx_word' id='word_1_47' title='bbox 285 824 355 868; x_wconf 90' lang='lat' dir='ltr'><strong>esse</strong></span> <span class='ocrx_word' id='word_1_48' title='bbox 377 805 447 868; x_wconf 86' lang='lat' dir='ltr'><strong>tam</strong></span> <span class='ocrx_word' id='word_1_49' title='bbox 470 806 631 887; x_wconf 87' lang='lat' dir='ltr'><strong>sanctum,</strong></span> <span class='ocrx_word' id='word_1_50' title='bbox 655 803 741 887; x_wconf 87' lang='lat' dir='ltr'><strong>quod</strong></span> <span class='ocrx_word' id='word_1_51' title='bbox 763 824 829 867; x_wconf 89' lang='lat' dir='ltr'><strong>non</strong></span> <span class='ocrx_word' id='word_1_52' title='bbox 852 802 1027 886; x_wconf 86' lang='lat' dir='ltr'><strong>aliquando</strong></span> <span class='ocrx_word' id='word_1_53' title='bbox 1050 802 1192 868; x_wconf 84' lang='lat' dir='ltr'><strong>violaret</strong></span> 
     </span>
     <span class='ocr_line' id='line_1_8' title="bbox 179 890 1192 977; baseline -0.003 -20"><span class='ocrx_word' id='word_1_54' title='bbox 179 891 326 977; x_wconf 87' lang='lat' dir='ltr'><strong>audacia,</strong></span> <span class='ocrx_word' id='word_1_55' title='bbox 354 891 548 976; x_wconf 88' lang='lat' dir='ltr'><strong>supplicium</strong></span> <span class='ocrx_word' id='word_1_56' title='bbox 576 890 611 955; x_wconf 92' lang='lat' dir='ltr'><strong>in</strong></span> <span class='ocrx_word' id='word_1_57' title='bbox 638 891 815 975; x_wconf 87' lang='lat' dir='ltr'><strong>parricidas</strong></span> <span class='ocrx_word' id='word_1_58' title='bbox 839 891 1006 977; x_wconf 89' lang='lat' dir='ltr'><strong>singulare</strong></span> <span class='ocrx_word' id='word_1_59' title='bbox 1029 890 1192 976; x_wconf 86' lang='lat' dir='ltr'><strong>excogita·</strong></span> 
     </span>
     <span class='ocr_line' id='line_1_9' title="bbox 177 978 1192 1065; baseline -0.005 -18"><span class='ocrx_word' id='word_1_60' title='bbox 177 985 308 1064; x_wconf 84' lang='lat' dir='ltr'><strong>verunt,</strong></span> <span class='ocrx_word' id='word_1_61' title='bbox 335 983 386 1065; x_wconf 91' lang='lat' dir='ltr'><strong>ut,</strong></span> <span class='ocrx_word' id='word_1_62' title='bbox 414 1001 494 1064; x_wconf 91' lang='lat' dir='ltr'><strong>quos</strong></span> <span class='ocrx_word' id='word_1_63' title='bbox 521 983 640 1043; x_wconf 89' lang='lat' dir='ltr'><strong>natura</strong></span> <span class='ocrx_word' id='word_1_64' title='bbox 666 979 741 1063; x_wconf 86' lang='lat' dir='ltr'><strong>ipsa</strong></span> <span class='ocrx_word' id='word_1_65' title='bbox 766 978 906 1044; x_wconf 90' lang='lat' dir='ltr'><strong>retinere</strong></span> <span class='ocrx_word' id='word_1_66' title='bbox 933 979 968 1042; x_wconf 91' lang='lat' dir='ltr'><strong>in</strong></span> <span class='ocrx_word' id='word_1_67' title='bbox 993 978 1101 1044; x_wconf 88' lang='lat' dir='ltr'><strong>officio</strong></span> <span class='ocrx_word' id='word_1_68' title='bbox 1122 1000 1192 1043; x_wconf 93' lang='lat' dir='ltr'><strong>non</strong></span> 
     </span>
     <span class='ocr_line' id='line_1_10' title="bbox 178 1066 1280 1155; baseline -0.004 -20"><span class='ocrx_word' id='word_1_69' title='bbox 178 1069 353 1155; x_wconf 89' lang='lat' dir='ltr'><strong>potuisset,</strong></span> <span class='ocrx_word' id='word_1_70' title='bbox 381 1067 603 1154; x_wconf 78' lang='lat' dir='ltr'><strong>magnitudine</strong></span> <span class='ocrx_word' id='word_1_71' title='bbox 631 1088 754 1152; x_wconf 90' lang='lat' dir='ltr'><strong>poenae</strong></span> <span class='ocrx_word' id='word_1_72' title='bbox 783 1089 802 1131; x_wconf 88' lang='lat' dir='ltr'><strong>a</strong></span> <span class='ocrx_word' id='word_1_73' title='bbox 824 1066 984 1132; x_wconf 88' lang='lat' dir='ltr'><strong>maleficio</strong></span> <span class='ocrx_word' id='word_1_74' title='bbox 1007 1087 1192 1132; x_wconf 76' lang='lat' dir='ltr'><strong>summove</strong></span> <span class='ocrx_word' id='word_1_75' title='bbox 1279 1073 1280 1118; x_wconf 60' lang='lat' dir='ltr'><strong>t</strong></span> 
     </span>
     <span class='ocr_line' id='line_1_11' title="bbox 179 1153 1280 1256; baseline -0.006 -34"><span class='ocrx_word' id='word_1_76' title='bbox 179 1161 300 1222; x_wconf 88' lang='lat' dir='ltr'><strong>rentur.</strong></span> <span class='ocrx_word' id='word_1_77' title='bbox 344 1153 436 1220; x_wconf 91' lang='lat' dir='ltr'><strong>Insui</strong></span> <span class='ocrx_word' id='word_1_78' title='bbox 466 1155 640 1221; x_wconf 86' lang='lat' dir='ltr'><strong>voluerunt</strong></span> <span class='ocrx_word' id='word_1_79' title='bbox 666 1155 700 1219; x_wconf 91' lang='lat' dir='ltr'><strong>in</strong></span> <span class='ocrx_word' id='word_1_80' title='bbox 728 1154 869 1220; x_wconf 90' lang='lat' dir='ltr'><strong>culleum</strong></span> <span class='ocrx_word' id='word_1_81' title='bbox 895 1155 988 1220; x_wconf 83' lang='lat' dir='ltr'><strong>rivos</strong></span> <span class='ocrx_word' id='word_1_82' title='bbox 1016 1157 1115 1238; x_wconf 87' lang='lat' dir='ltr'><strong>atque</strong></span> <span class='ocrx_word' id='word_1_83' title='bbox 1142 1155 1192 1219; x_wconf 87' lang='lat' dir='ltr'><strong>ita</strong></span> <span class='ocrx_word' id='word_1_84' title='bbox 1209 1177 1234 1215; x_wconf 82' lang='grc' dir='ltr'><strong>ιο</strong></span> <span class='ocrx_word' id='word_1_85' title='bbox 1279 1171 1280 1256; x_wconf 58' lang='lat' dir='ltr'><strong>q</strong></span> 
     </span>
     <span class='ocr_line' id='line_1_12' title="bbox 178 1243 1280 1336; baseline -0.005 -26"><span class='ocrx_word' id='word_1_86' title='bbox 178 1246 215 1310; x_wconf 90' lang='lat' dir='ltr'><strong>in</strong></span> <span class='ocrx_word' id='word_1_87' title='bbox 236 1246 358 1311; x_wconf 89' lang='lat' dir='ltr'><strong>flumen</strong></span> <span class='ocrx_word' id='word_1_88' title='bbox 380 1243 469 1309; x_wconf 91' lang='lat' dir='ltr'><strong>deici.</strong></span> <span class='ocrx_word' id='word_1_89' title='bbox 1279 1257 1280 1336; x_wconf 59' lang='lat' dir='ltr'><strong>l</strong></span> 
     </span>
    </p>

    <p class='ocr_par' dir='ltr' id='par_1_4' title="bbox 126 1302 1280 1504">
     <span class='ocr_line' id='line_1_13' title="bbox 126 1302 1193 1434; baseline -0.001 -37"><span class='ocrx_word' id='word_1_90' title='bbox 126 1302 170 1434; x_wconf 57' lang='lat' dir='ltr'><strong>{f</strong></span> <span class='ocrx_word' id='word_1_91' title='bbox 246 1332 494 1417; x_wconf 87' lang='lat' dir='ltr'><strong>Osingularem</strong></span> <span class='ocrx_word' id='word_1_92' title='bbox 517 1332 720 1416; x_wconf 78' lang='lat' dir='ltr'><strong>sapientiam,</strong></span> <span class='ocrx_word' id='word_1_93' title='bbox 742 1331 877 1396; x_wconf 88' lang='lat' dir='ltr'><strong>iudices!</strong></span> <span class='ocrx_word' id='word_1_94' title='bbox 900 1329 1016 1395; x_wconf 88' lang='lat' dir='ltr'><strong>Nonne</strong></span> <span class='ocrx_word' id='word_1_95' title='bbox 1040 1330 1193 1396; x_wconf 76' lang='lat' dir='ltr'><strong>videntum</strong></span> 
     </span>
     <span class='ocr_line' id='line_1_14' title="bbox 179 1418 1280 1504; baseline -0.003 -17"><span class='ocrx_word' id='word_1_96' title='bbox 179 1421 265 1486; x_wconf 93' lang='lat' dir='ltr'><strong>huno</strong></span> <span class='ocrx_word' id='word_1_97' title='bbox 278 1420 444 1485; x_wconf 90' lang='lat' dir='ltr'><strong>hominem</strong></span> <span class='ocrx_word' id='word_1_98' title='bbox 463 1441 501 1484; x_wconf 87' lang='lat' dir='ltr'><strong>ex</strong></span> <span class='ocrx_word' id='word_1_99' title='bbox 519 1441 628 1484; x_wconf 87' lang='lat' dir='ltr'><strong>rerum</strong></span> <span class='ocrx_word' id='word_1_100' title='bbox 645 1424 763 1485; x_wconf 88' lang='lat' dir='ltr'><strong>natura</strong></span> <span class='ocrx_word' id='word_1_101' title='bbox 781 1418 953 1484; x_wconf 88' lang='lat' dir='ltr'><strong>sustulisse</strong></span> <span class='ocrx_word' id='word_1_102' title='bbox 972 1423 1005 1483; x_wconf 93' lang='lat' dir='ltr'><strong>et</strong></span> <span class='ocrx_word' id='word_1_103' title='bbox 1024 1419 1193 1504; x_wconf 88' lang='lat' dir='ltr'><strong>eripuisse,</strong></span> <span class='ocrx_word' id='word_1_104' title='bbox 1279 1477 1280 1494; x_wconf 65' lang='grc'>,</span> 
     </span>
    </p>

    <p class='ocr_par' dir='ltr' id='par_1_5' title="bbox 108 1497 1280 1594">
     <span class='ocr_line' id='line_1_15' title="bbox 108 1497 1280 1594; baseline -0.006 -18"><span class='ocrx_word' id='word_1_105' title='bbox 108 1503 110 1511; x_wconf 48' lang='grc'><strong>”</strong></span> <span class='ocrx_word' id='word_1_106' title='bbox 181 1509 233 1576; x_wconf 89' lang='lat' dir='ltr'><strong>oui</strong></span> <span class='ocrx_word' id='word_1_107' title='bbox 245 1512 378 1594; x_wconf 88' lang='lat' dir='ltr'><strong>repente</strong></span> <span class='ocrx_word' id='word_1_108' title='bbox 392 1507 526 1592; x_wconf 89' lang='lat' dir='ltr'><strong>caelum,</strong></span> <span class='ocrx_word' id='word_1_109' title='bbox 541 1509 652 1592; x_wconf 92' lang='lat' dir='ltr'><strong>solem,</strong></span> <span class='ocrx_word' id='word_1_110' title='bbox 671 1529 789 1592; x_wconf 89' lang='lat' dir='ltr'><strong>aquam</strong></span> <span class='ocrx_word' id='word_1_111' title='bbox 802 1512 987 1590; x_wconf 85' lang='lat' dir='ltr'><strong>terramque</strong></span> <span class='ocrx_word' id='word_1_112' title='bbox 1002 1506 1193 1590; x_wconf 81' lang='lat' dir='ltr'><strong>ademerint,</strong></span> <span class='ocrx_word' id='word_1_113' title='bbox 1279 1497 1280 1532; x_wconf 62' lang='lat'>¹</span> 
     </span>
    </p>

    <p class='ocr_par' dir='ltr' id='par_1_6' title="bbox 108 1595 1233 1682">
     <span class='ocr_line' id='line_1_16' title="bbox 108 1595 1233 1682; baseline -0.009 -19"><span class='ocrx_word' id='word_1_114' title='bbox 108 1629 113 1676; x_wconf 67' lang='lat'><em>3</em></span> <span class='ocrx_word' id='word_1_115' title='bbox 181 1601 230 1682; x_wconf 90' lang='lat' dir='ltr'><strong>ut,</strong></span> <span class='ocrx_word' id='word_1_116' title='bbox 256 1597 409 1682; x_wconf 90' lang='lat' dir='ltr'><strong>quicum</strong></span> <span class='ocrx_word' id='word_1_117' title='bbox 431 1601 591 1680; x_wconf 89' lang='lat' dir='ltr'><strong>necasset,</strong></span> <span class='ocrx_word' id='word_1_118' title='bbox 618 1596 702 1661; x_wconf 92' lang='lat' dir='ltr'><strong>unde</strong></span> <span class='ocrx_word' id='word_1_119' title='bbox 724 1595 794 1681; x_wconf 89' lang='lat' dir='ltr'><strong>ipse</strong></span> <span class='ocrx_word' id='word_1_120' title='bbox 817 1598 914 1660; x_wconf 90' lang='lat' dir='ltr'><strong>natus</strong></span> <span class='ocrx_word' id='word_1_121' title='bbox 938 1598 1037 1677; x_wconf 90' lang='lat' dir='ltr'><strong>esset,</strong></span> <span class='ocrx_word' id='word_1_122' title='bbox 1066 1599 1233 1660; x_wconf 74' lang='lat' dir='ltr'><strong>careretis</strong></span> 
     </span>
    </p>

    <p class='ocr_par' dir='ltr' id='par_1_7' title="bbox 108 1682 1194 1768">
     <span class='ocr_line' id='line_1_17' title="bbox 108 1682 1194 1768; baseline -0.003 -17"><span class='ocrx_word' id='word_1_123' title='bbox 108 1699 109 1704; x_wconf 76' lang='grc'>’</span> <span class='ocrx_word' id='word_1_124' title='bbox 180 1685 222 1751; x_wconf 92' lang='lat' dir='ltr'><strong>iis</strong></span> <span class='ocrx_word' id='word_1_125' title='bbox 244 1686 341 1752; x_wconf 90' lang='lat' dir='ltr'><strong>rebus</strong></span> <span class='ocrx_word' id='word_1_126' title='bbox 366 1685 529 1768; x_wconf 90' lang='lat' dir='ltr'><strong>omnibus,</strong></span> <span class='ocrx_word' id='word_1_127' title='bbox 554 1685 733 1768; x_wconf 89' lang='lat' dir='ltr'><strong>exquibus</strong></span> <span class='ocrx_word' id='word_1_128' title='bbox 757 1683 866 1748; x_wconf 89' lang='lat' dir='ltr'><strong>omnia</strong></span> <span class='ocrx_word' id='word_1_129' title='bbox 887 1687 967 1748; x_wconf 85' lang='lat' dir='ltr'><strong>nata</strong></span> <span class='ocrx_word' id='word_1_130' title='bbox 989 1704 1061 1747; x_wconf 88' lang='lat' dir='ltr'><strong>esse</strong></span> <span class='ocrx_word' id='word_1_131' title='bbox 1085 1682 1194 1748; x_wconf 87' lang='lat' dir='ltr'><strong>dicun·</strong></span> 
     </span>
    </p>

    <p class='ocr_par' dir='ltr' id='par_1_8' title="bbox 110 1771 1233 2299">
     <span class='ocr_line' id='line_1_18' title="bbox 110 1771 1194 1857; baseline -0.005 -16"><span class='ocrx_word' id='word_1_132' title='bbox 110 1771 112 1777; x_wconf 76' lang='grc'><strong>’</strong></span> <span class='ocrx_word' id='word_1_133' title='bbox 181 1775 258 1841; x_wconf 83' lang='lat' dir='ltr'><strong>tur?</strong></span> <span class='ocrx_word' id='word_1_134' title='bbox 294 1773 479 1840; x_wconf 89' lang='lat' dir='ltr'><strong>Noluerunt</strong></span> <span class='ocrx_word' id='word_1_135' title='bbox 503 1773 582 1838; x_wconf 87' lang='lat' dir='ltr'><strong>feris</strong></span> <span class='ocrx_word' id='word_1_136' title='bbox 606 1794 722 1857; x_wconf 89' lang='lat' dir='ltr'><strong>corpus</strong></span> <span class='ocrx_word' id='word_1_137' title='bbox 746 1771 886 1854; x_wconf 88' lang='lat' dir='ltr'><strong>obicere,</strong></span> <span class='ocrx_word' id='word_1_138' title='bbox 912 1793 953 1836; x_wconf 90' lang='lat' dir='ltr'><strong>ne</strong></span> <span class='ocrx_word' id='word_1_139' title='bbox 976 1771 1092 1836; x_wconf 89' lang='lat' dir='ltr'><strong>bestiis</strong></span> <span class='ocrx_word' id='word_1_140' title='bbox 1116 1793 1194 1855; x_wconf 77' lang='lat' dir='ltr'><strong>quo</strong></span> 
     </span>
     <span class='ocr_line' id='line_1_19' title="bbox 183 1859 1194 1949; baseline -0.007 -19"><span class='ocrx_word' id='word_1_141' title='bbox 183 1886 259 1949; x_wconf 89' lang='lat' dir='ltr'><strong>quc,</strong></span> <span class='ocrx_word' id='word_1_142' title='bbox 295 1885 377 1947; x_wconf 83' lang='lat' dir='ltr'><strong>quae</strong></span> <span class='ocrx_word' id='word_1_143' title='bbox 409 1866 536 1928; x_wconf 88' lang='lat' dir='ltr'><strong>tantum</strong></span> <span class='ocrx_word' id='word_1_144' title='bbox 570 1861 674 1926; x_wconf 90' lang='lat' dir='ltr'><strong>scelus</strong></span> <span class='ocrx_word' id='word_1_145' title='bbox 707 1859 908 1946; x_wconf 78' lang='lat' dir='ltr'><strong>attigissent,</strong></span> <span class='ocrx_word' id='word_1_146' title='bbox 944 1859 1194 1924; x_wconf 77' lang='lat' dir='ltr'><strong>immanioribus</strong></span> 
     </span>
     <span class='ocr_line' id='line_1_20' title="bbox 181 1946 1194 2036; baseline -0.006 -18"><span class='ocrx_word' id='word_1_147' title='bbox 181 1956 361 2036; x_wconf 72' lang='lat' dir='ltr'><strong>uteremur,</strong></span> <span class='ocrx_word' id='word_1_148' title='bbox 387 1972 454 2016; x_wconf 92' lang='lat' dir='ltr'><strong>non</strong></span> <span class='ocrx_word' id='word_1_149' title='bbox 479 1950 525 2014; x_wconf 91' lang='lat' dir='ltr'><strong>sic</strong></span> <span class='ocrx_word' id='word_1_150' title='bbox 546 1949 650 2014; x_wconf 89' lang='lat' dir='ltr'><strong>nudos</strong></span> <span class='ocrx_word' id='word_1_151' title='bbox 673 1949 708 2013; x_wconf 90' lang='lat' dir='ltr'><strong>in</strong></span> <span class='ocrx_word' id='word_1_152' title='bbox 729 1948 850 2013; x_wconf 88' lang='lat' dir='ltr'><strong>fiumen</strong></span> <span class='ocrx_word' id='word_1_153' title='bbox 872 1946 1009 2031; x_wconf 82' lang='lat' dir='ltr'><strong>deicere,</strong></span> <span class='ocrx_word' id='word_1_154' title='bbox 1035 1967 1092 2032; x_wconf 89' lang='lat' dir='ltr'><strong>ne,</strong></span> <span class='ocrx_word' id='word_1_155' title='bbox 1120 1970 1194 2013; x_wconf 90' lang='lat' dir='ltr'><strong>cum</strong></span> 
     </span>
     <span class='ocr_line' id='line_1_21' title="bbox 184 2037 1233 2121; baseline -0.007 -15"><span class='ocrx_word' id='word_1_156' title='bbox 184 2041 284 2106; x_wconf 88' lang='lat' dir='ltr'><strong>delati</strong></span> <span class='ocrx_word' id='word_1_157' title='bbox 312 2043 420 2105; x_wconf 87' lang='lat' dir='ltr'><strong>essent</strong></span> <span class='ocrx_word' id='word_1_158' title='bbox 446 2038 482 2104; x_wconf 88' lang='lat' dir='ltr'><strong>in</strong></span> <span class='ocrx_word' id='word_1_159' title='bbox 504 2060 606 2121; x_wconf 90' lang='lat' dir='ltr'><strong>mare,</strong></span> <span class='ocrx_word' id='word_1_160' title='bbox 633 2037 741 2121; x_wconf 89' lang='lat' dir='ltr'><strong>ipsum</strong></span> <span class='ocrx_word' id='word_1_161' title='bbox 763 2037 960 2121; x_wconf 88' lang='lat' dir='ltr'><strong>polluerent,</strong></span> <span class='ocrx_word' id='word_1_162' title='bbox 988 2056 1053 2119; x_wconf 90' lang='lat' dir='ltr'><strong>quo</strong></span> <span class='ocrx_word' id='word_1_163' title='bbox 1077 2039 1233 2118; x_wconf 72' lang='lat' dir='ltr'><strong>ceteram</strong></span> 
     </span>
     <span class='ocr_line' id='line_1_22' title="bbox 184 2123 1195 2213; baseline -0.005 -20"><span class='ocrx_word' id='word_1_164' title='bbox 184 2150 268 2213; x_wconf 89' lang='lat' dir='ltr'><strong>quae</strong></span> <span class='ocrx_word' id='word_1_165' title='bbox 286 2128 409 2193; x_wconf 88' lang='lat' dir='ltr'><strong>violata</strong></span> <span class='ocrx_word' id='word_1_166' title='bbox 428 2129 513 2209; x_wconf 91' lang='lat' dir='ltr'><strong>sunt,</strong></span> <span class='ocrx_word' id='word_1_167' title='bbox 531 2126 655 2210; x_wconf 83' lang='lat' dir='ltr'><strong>expiari</strong></span> <span class='ocrx_word' id='word_1_168' title='bbox 673 2128 843 2210; x_wconf 74' lang='lat' dir='ltr'><strong>putantur,</strong></span> <span class='ocrx_word' id='word_1_169' title='bbox 867 2123 1003 2208; x_wconf 91' lang='lat' dir='ltr'><strong>denique</strong></span> <span class='ocrx_word' id='word_1_170' title='bbox 1021 2123 1107 2188; x_wconf 87' lang='lat' dir='ltr'><strong>nihil</strong></span> <span class='ocrx_word' id='word_1_171' title='bbox 1126 2128 1195 2189; x_wconf 89' lang='lat' dir='ltr'><strong>tam</strong></span> 
     </span>
     <span class='ocr_line' id='line_1_23' title="bbox 183 2211 1195 2299; baseline -0.004 -18"><span class='ocrx_word' id='word_1_172' title='bbox 183 2215 248 2281; x_wconf 86' lang='lat' dir='ltr'><strong>vile</strong></span> <span class='ocrx_word' id='word_1_173' title='bbox 275 2237 379 2299; x_wconf 90' lang='lat' dir='ltr'><strong>neque</strong></span> <span class='ocrx_word' id='word_1_174' title='bbox 406 2217 475 2280; x_wconf 90' lang='lat' dir='ltr'><strong>tam</strong></span> <span class='ocrx_word' id='word_1_175' title='bbox 502 2215 637 2299; x_wconf 87' lang='lat' dir='ltr'><strong>vulgare</strong></span> <span class='ocrx_word' id='word_1_176' title='bbox 666 2216 729 2298; x_wconf 91' lang='lat' dir='ltr'><strong>est,</strong></span> <span class='ocrx_word' id='word_1_177' title='bbox 756 2212 846 2278; x_wconf 89' lang='lat' dir='ltr'><strong>cuius</strong></span> <span class='ocrx_word' id='word_1_178' title='bbox 870 2215 997 2296; x_wconf 88' lang='lat' dir='ltr'><strong>partem</strong></span> <span class='ocrx_word' id='word_1_179' title='bbox 1020 2211 1127 2276; x_wconf 89' lang='lat' dir='ltr'><strong>ullam</strong></span> <span class='ocrx_word' id='word_1_180' title='bbox 1149 2234 1195 2277; x_wconf 84' lang='lat' dir='ltr'><strong>re·</strong></span> 
     </span>
    </p>

    <p class='ocr_par' dir='ltr' id='par_1_9' title="bbox 131 2300 1280 2563">
     <span class='ocr_line' id='line_1_24' title="bbox 131 2300 1279 2394; baseline -0.005 -25"><span class='ocrx_word' id='word_1_181' title='bbox 131 2309 165 2359; x_wconf 75' lang='lat'><strong>&#39;12</strong></span> <span class='ocrx_word' id='word_1_182' title='bbox 183 2303 344 2387; x_wconf 87' lang='lat' dir='ltr'><strong>liquerint</strong></span> <span class='ocrx_word' id='word_1_183' title='bbox 382 2301 513 2369; x_wconf 85' lang='lat' dir='ltr'><strong>Etenim</strong></span> <span class='ocrx_word' id='word_1_184' title='bbox 532 2302 609 2386; x_wconf 88' lang='lat' dir='ltr'><strong>quid</strong></span> <span class='ocrx_word' id='word_1_185' title='bbox 627 2306 696 2366; x_wconf 88' lang='lat' dir='ltr'><strong>tam</strong></span> <span class='ocrx_word' id='word_1_186' title='bbox 711 2304 766 2366; x_wconf 87' lang='lat' dir='ltr'><strong>est</strong></span> <span class='ocrx_word' id='word_1_187' title='bbox 786 2321 956 2366; x_wconf 85' lang='lat' dir='ltr'><strong>commune</strong></span> <span class='ocrx_word' id='word_1_188' title='bbox 979 2321 1078 2383; x_wconf 89' lang='lat' dir='ltr'><strong>quam</strong></span> <span class='ocrx_word' id='word_1_189' title='bbox 1102 2300 1197 2385; x_wconf 85' lang='lat' dir='ltr'><strong>spiri-</strong></span> <span class='ocrx_word' id='word_1_190' title='bbox 1278 2371 1279 2394; x_wconf 53' lang='lat'><strong>,</strong></span> 
     </span>
     <span class='ocr_line' id='line_1_25' title="bbox 183 2387 1280 2473; baseline -0.003 -17"><span class='ocrx_word' id='word_1_191' title='bbox 183 2396 238 2458; x_wconf 93' lang='lat' dir='ltr'><strong>tus</strong></span> <span class='ocrx_word' id='word_1_192' title='bbox 270 2391 367 2472; x_wconf 84' lang='lat' dir='ltr'><strong>vivis,</strong></span> <span class='ocrx_word' id='word_1_193' title='bbox 402 2394 491 2454; x_wconf 88' lang='lat' dir='ltr'><strong>terra</strong></span> <span class='ocrx_word' id='word_1_194' title='bbox 522 2390 673 2473; x_wconf 89' lang='lat' dir='ltr'><strong>mortuis,</strong></span> <span class='ocrx_word' id='word_1_195' title='bbox 710 2411 799 2454; x_wconf 87' lang='lat' dir='ltr'><strong>mare</strong></span> <span class='ocrx_word' id='word_1_196' title='bbox 829 2387 1078 2471; x_wconf 83' lang='lat' dir='ltr'><strong>fluctuantibus,</strong></span> <span class='ocrx_word' id='word_1_197' title='bbox 1116 2388 1196 2454; x_wconf 89' lang='lat' dir='ltr'><strong>litus</strong></span> <span class='ocrx_word' id='word_1_198' title='bbox 1278 2397 1280 2472; x_wconf 73' lang='lat' dir='ltr'><strong>l</strong></span> 
     </span>
     <span class='ocr_line' id='line_1_26' title="bbox 184 2475 1279 2563; baseline -0.002 -17"><span class='ocrx_word' id='word_1_199' title='bbox 184 2475 318 2546; x_wconf 75' lang='lat' dir='ltr'><strong>eiectis?</strong></span> <span class='ocrx_word' id='word_1_200' title='bbox 354 2477 406 2543; x_wconf 84' lang='lat' dir='ltr'><strong>Ita</strong></span> <span class='ocrx_word' id='word_1_201' title='bbox 428 2478 556 2563; x_wconf 80' lang='lat' dir='ltr'><strong>vivunt,</strong></span> <span class='ocrx_word' id='word_1_202' title='bbox 580 2479 656 2543; x_wconf 90' lang='lat' dir='ltr'><strong>dum</strong></span> <span class='ocrx_word' id='word_1_203' title='bbox 677 2480 829 2561; x_wconf 89' lang='lat' dir='ltr'><strong>possunt,</strong></span> <span class='ocrx_word' id='word_1_204' title='bbox 852 2480 889 2541; x_wconf 91' lang='lat' dir='ltr'><strong>ut</strong></span> <span class='ocrx_word' id='word_1_205' title='bbox 912 2475 1027 2541; x_wconf 84' lang='lat' dir='ltr'><strong>ducere</strong></span> <span class='ocrx_word' id='word_1_206' title='bbox 1050 2476 1197 2542; x_wconf 85' lang='lat' dir='ltr'><strong>animam</strong></span> <span class='ocrx_word' id='word_1_207' title='bbox 1210 2493 1233 2534; x_wconf 60' lang='grc' dir='ltr'><strong>τ’</strong></span> <span class='ocrx_word' id='word_1_208' title='bbox 1278 2521 1279 2544; x_wconf 52' lang='lat' dir='ltr'><strong>l</strong></span> 
     </span>
    </p>

    <p class='ocr_par' dir='ltr' id='par_1_10' title="bbox 184 2555 1279 3358">
     <span class='ocr_line' id='line_1_27' title="bbox 185 2555 1279 2650; baseline -0.003 -16"><span class='ocrx_word' id='word_1_209' title='bbox 185 2569 224 2634; x_wconf 88' lang='lat' dir='ltr'><strong>de</strong></span> <span class='ocrx_word' id='word_1_210' title='bbox 252 2567 341 2633; x_wconf 87' lang='lat' dir='ltr'><strong>caelo</strong></span> <span class='ocrx_word' id='word_1_211' title='bbox 368 2588 435 2633; x_wconf 92' lang='lat' dir='ltr'><strong>non</strong></span> <span class='ocrx_word' id='word_1_212' title='bbox 462 2570 596 2650; x_wconf 90' lang='lat' dir='ltr'><strong>queant,</strong></span> <span class='ocrx_word' id='word_1_213' title='bbox 621 2566 670 2631; x_wconf 88' lang='lat' dir='ltr'><strong>ita</strong></span> <span class='ocrx_word' id='word_1_214' title='bbox 697 2565 894 2648; x_wconf 89' lang='lat' dir='ltr'><strong>moriuntur,</strong></span> <span class='ocrx_word' id='word_1_215' title='bbox 920 2567 1097 2630; x_wconf 89' lang='lat' dir='ltr'><strong>uteorum</strong></span> <span class='ocrx_word' id='word_1_216' title='bbox 1122 2586 1199 2631; x_wconf 87' lang='lat' dir='ltr'><strong>osse</strong></span> <span class='ocrx_word' id='word_1_217' title='bbox 1278 2555 1279 2614; x_wconf 71' lang='lat' dir='ltr'><strong>l</strong></span> 
     </span>
     <span class='ocr_line' id='line_1_28' title="bbox 184 2652 1279 2741; baseline -0.005 -18"><span class='ocrx_word' id='word_1_218' title='bbox 184 2662 274 2723; x_wconf 84' lang='lat' dir='ltr'><strong>terra</strong></span> <span class='ocrx_word' id='word_1_219' title='bbox 291 2677 358 2721; x_wconf 92' lang='lat' dir='ltr'><strong>non</strong></span> <span class='ocrx_word' id='word_1_220' title='bbox 375 2659 500 2741; x_wconf 87' lang='lat' dir='ltr'><strong>tangat,</strong></span> <span class='ocrx_word' id='word_1_221' title='bbox 523 2655 571 2720; x_wconf 90' lang='lat' dir='ltr'><strong>ita</strong></span> <span class='ocrx_word' id='word_1_222' title='bbox 587 2655 752 2719; x_wconf 87' lang='lat' dir='ltr'><strong>iactantur</strong></span> <span class='ocrx_word' id='word_1_223' title='bbox 773 2652 935 2737; x_wconf 88' lang='lat' dir='ltr'><strong>fluctibus,</strong></span> <span class='ocrx_word' id='word_1_224' title='bbox 957 2654 995 2717; x_wconf 90' lang='lat' dir='ltr'><strong>ut</strong></span> <span class='ocrx_word' id='word_1_225' title='bbox 1016 2674 1200 2737; x_wconf 80' lang='lat' dir='ltr'><strong>numquam</strong></span> <span class='ocrx_word' id='word_1_226' title='bbox 1278 2653 1279 2662; x_wconf 74' lang='grc'>’</span> 
     </span>
     <span class='ocr_line' id='line_1_29' title="bbox 185 2740 1201 2828; baseline -0.005 -16"><span class='ocrx_word' id='word_1_227' title='bbox 185 2746 369 2828; x_wconf 87' lang='lat' dir='ltr'><strong>abluantur,</strong></span> <span class='ocrx_word' id='word_1_228' title='bbox 386 2743 434 2809; x_wconf 86' lang='lat' dir='ltr'><strong>ita</strong></span> <span class='ocrx_word' id='word_1_229' title='bbox 447 2746 612 2828; x_wconf 89' lang='lat' dir='ltr'><strong>postremo</strong></span> <span class='ocrx_word' id='word_1_230' title='bbox 627 2741 793 2824; x_wconf 89' lang='lat' dir='ltr'><strong>eiciuntur,</strong></span> <span class='ocrx_word' id='word_1_231' title='bbox 811 2745 849 2806; x_wconf 91' lang='lat' dir='ltr'><strong>ut</strong></span> <span class='ocrx_word' id='word_1_232' title='bbox 862 2762 904 2806; x_wconf 89' lang='lat' dir='ltr'><strong>nc</strong></span> <span class='ocrx_word' id='word_1_233' title='bbox 917 2740 959 2805; x_wconf 87' lang='lat' dir='ltr'><strong>ad</strong></span> <span class='ocrx_word' id='word_1_234' title='bbox 972 2761 1051 2805; x_wconf 84' lang='lat' dir='ltr'><strong>saxa</strong></span> <span class='ocrx_word' id='word_1_235' title='bbox 1065 2741 1201 2825; x_wconf 88' lang='lat' dir='ltr'><strong>quidem</strong></span> 
     </span>
     <span class='ocr_line' id='line_1_30' title="bbox 185 2828 1201 2916; baseline -0.005 -15"><span class='ocrx_word' id='word_1_236' title='bbox 185 2834 307 2901; x_wconf 88' lang='lat' dir='ltr'><strong>mortui</strong></span> <span class='ocrx_word' id='word_1_237' title='bbox 323 2831 560 2916; x_wconf 88' lang='lat' dir='ltr'><strong>conquiescant.</strong></span> <span class='ocrx_word' id='word_1_238' title='bbox 593 2830 692 2894; x_wconf 81' lang='lat' dir='ltr'><strong>Tanti</strong></span> <span class='ocrx_word' id='word_1_239' title='bbox 708 2829 860 2895; x_wconf 89' lang='lat' dir='ltr'><strong>maleficii</strong></span> <span class='ocrx_word' id='word_1_240' title='bbox 877 2829 1008 2912; x_wconf 88' lang='lat' dir='ltr'><strong>crimen,</strong></span> <span class='ocrx_word' id='word_1_241' title='bbox 1027 2828 1080 2894; x_wconf 88' lang='lat' dir='ltr'><strong>oui</strong></span> <span class='ocrx_word' id='word_1_242' title='bbox 1098 2832 1201 2896; x_wconf 79' lang='lat' dir='ltr'><strong>mele</strong></span> 
     </span>
     <span class='ocr_line' id='line_1_31' title="bbox 184 2917 1238 3007; baseline -0.005 -18"><span class='ocrx_word' id='word_1_243' title='bbox 184 2924 259 2989; x_wconf 91' lang='lat' dir='ltr'><strong>ficio</strong></span> <span class='ocrx_word' id='word_1_244' title='bbox 277 2926 346 2987; x_wconf 89' lang='lat' dir='ltr'><strong>tam</strong></span> <span class='ocrx_word' id='word_1_245' title='bbox 368 2921 496 3007; x_wconf 79' lang='lat' dir='ltr'><strong>insigne</strong></span> <span class='ocrx_word' id='word_1_246' title='bbox 520 2918 714 3003; x_wconf 87' lang='lat' dir='ltr'><strong>supplicium</strong></span> <span class='ocrx_word' id='word_1_247' title='bbox 737 2921 788 2982; x_wconf 91' lang='lat' dir='ltr'><strong>est</strong></span> <span class='ocrx_word' id='word_1_248' title='bbox 810 2917 1033 3000; x_wconf 87' lang='lat' dir='ltr'><strong>constitutum,</strong></span> <span class='ocrx_word' id='word_1_249' title='bbox 1055 2918 1238 3002; x_wconf 72' lang='lat' dir='ltr'><strong>probares</strong></span> 
     </span>
     <span class='ocr_line' id='line_1_32' title="bbox 185 3005 1279 3097; baseline -0.004 -21"><span class='ocrx_word' id='word_1_250' title='bbox 185 3016 233 3097; x_wconf 92' lang='lat' dir='ltr'><strong>te,</strong></span> <span class='ocrx_word' id='word_1_251' title='bbox 264 3009 375 3093; x_wconf 80' lang='lat' dir='ltr'><strong>Eruci,</strong></span> <span class='ocrx_word' id='word_1_252' title='bbox 407 3029 517 3074; x_wconf 81' lang='lat' dir='ltr'><strong>censes</strong></span> <span class='ocrx_word' id='word_1_253' title='bbox 544 3028 640 3092; x_wconf 91' lang='lat' dir='ltr'><strong>posse</strong></span> <span class='ocrx_word' id='word_1_254' title='bbox 667 3005 789 3070; x_wconf 89' lang='lat' dir='ltr'><strong>talibus</strong></span> <span class='ocrx_word' id='word_1_255' title='bbox 818 3005 911 3088; x_wconf 81' lang='lat' dir='ltr'><strong>viris,</strong></span> <span class='ocrx_word' id='word_1_256' title='bbox 941 3005 969 3070; x_wconf 89' lang='lat' dir='ltr'><strong>si</strong></span> <span class='ocrx_word' id='word_1_257' title='bbox 995 3026 1037 3069; x_wconf 89' lang='lat' dir='ltr'><strong>ne</strong></span> <span class='ocrx_word' id='word_1_258' title='bbox 1065 3027 1201 3072; x_wconf 86' lang='lat' dir='ltr'><strong>causam</strong></span> <span class='ocrx_word' id='word_1_259' title='bbox 1278 3055 1279 3060; x_wconf 19' lang='grc' dir='ltr'>η</span> 
     </span>
     <span class='ocr_line' id='line_1_33' title="bbox 186 3090 1279 3184; baseline -0.004 -20"><span class='ocrx_word' id='word_1_260' title='bbox 186 3099 316 3184; x_wconf 89' lang='lat' dir='ltr'><strong>quidem</strong></span> <span class='ocrx_word' id='word_1_261' title='bbox 344 3095 495 3162; x_wconf 86' lang='lat' dir='ltr'><strong>maleficii</strong></span> <span class='ocrx_word' id='word_1_262' title='bbox 521 3093 718 3180; x_wconf 81' lang='lat' dir='ltr'><strong>protuleris?</strong></span> <span class='ocrx_word' id='word_1_263' title='bbox 760 3091 796 3158; x_wconf 84' lang='lat' dir='ltr'><strong>Si</strong></span> <span class='ocrx_word' id='word_1_264' title='bbox 819 3093 906 3160; x_wconf 91' lang='lat' dir='ltr'><strong>hunc</strong></span> <span class='ocrx_word' id='word_1_265' title='bbox 928 3092 1014 3178; x_wconf 87' lang='lat' dir='ltr'><strong>apud</strong></span> <span class='ocrx_word' id='word_1_266' title='bbox 1036 3093 1201 3160; x_wconf 91' lang='lat' dir='ltr'><strong>bonorum</strong></span> <span class='ocrx_word' id='word_1_267' title='bbox 1278 3090 1279 3111; x_wconf 62' lang='lat'>¹</span> 
     </span>
     <span class='ocr_line' id='line_1_34' title="bbox 187 3179 1201 3273; baseline -0.005 -20"><span class='ocrx_word' id='word_1_268' title='bbox 187 3193 350 3273; x_wconf 84' lang='lat' dir='ltr'><strong>emptores</strong></span> <span class='ocrx_word' id='word_1_269' title='bbox 382 3185 471 3271; x_wconf 94' lang='lat' dir='ltr'><strong>ipsos</strong></span> <span class='ocrx_word' id='word_1_270' title='bbox 505 3204 671 3249; x_wconf 88' lang='lat' dir='ltr'><strong>accusares</strong></span> <span class='ocrx_word' id='word_1_271' title='bbox 699 3181 791 3266; x_wconf 89' lang='lat' dir='ltr'><strong>cique</strong></span> <span class='ocrx_word' id='word_1_272' title='bbox 819 3181 935 3246; x_wconf 84' lang='lat' dir='ltr'><strong>iudicio</strong></span> <span class='ocrx_word' id='word_1_273' title='bbox 964 3179 1201 3267; x_wconf 76' lang='lat' dir='ltr'><strong>Chrysogonus</strong></span> 
     </span>
     <span class='ocr_line' id='line_1_35' title="bbox 210 3270 1201 3358; baseline -0.003 -18"><span class='ocrx_word' id='word_1_274' title='bbox 210 3277 368 3358; x_wconf 91' lang='lat' dir='ltr'><strong>raeesset,</strong></span> <span class='ocrx_word' id='word_1_275' title='bbox 410 3276 521 3338; x_wconf 90' lang='lat' dir='ltr'><strong>tamen</strong></span> <span class='ocrx_word' id='word_1_276' title='bbox 560 3270 748 3357; x_wconf 85' lang='lat' dir='ltr'><strong>diligentius</strong></span> <span class='ocrx_word' id='word_1_277' title='bbox 791 3270 1001 3354; x_wconf 87' lang='lat' dir='ltr'><strong>paratiusque</strong></span> <span class='ocrx_word' id='word_1_278' title='bbox 1043 3270 1201 3337; x_wconf 79' lang='lat' dir='ltr'><strong>venisses</strong></span> 
     </span>
    </p>

    <p class='ocr_par' dir='ltr' id='par_1_11' title="bbox 135 3357 1278 3622">
     <span class='ocr_line' id='line_1_36' title="bbox 135 3357 1239 3446; baseline -0.006 -22"><span class='ocrx_word' id='word_1_279' title='bbox 135 3373 169 3424; x_wconf 75' lang='grc'><strong>73</strong></span> <span class='ocrx_word' id='word_1_280' title='bbox 220 3365 316 3446; x_wconf 92' lang='lat' dir='ltr'><strong>trum,</strong></span> <span class='ocrx_word' id='word_1_281' title='bbox 340 3359 417 3444; x_wconf 91' lang='lat' dir='ltr'><strong>quid</strong></span> <span class='ocrx_word' id='word_1_282' title='bbox 436 3363 562 3445; x_wconf 87' lang='lat' dir='ltr'><strong>agatur,</strong></span> <span class='ocrx_word' id='word_1_283' title='bbox 584 3380 652 3423; x_wconf 91' lang='lat' dir='ltr'><strong>non</strong></span> <span class='ocrx_word' id='word_1_284' title='bbox 668 3358 767 3436; x_wconf 81' lang='lat' dir='ltr'><strong>vides,</strong></span> <span class='ocrx_word' id='word_1_285' title='bbox 791 3379 833 3422; x_wconf 91' lang='lat' dir='ltr'><strong>an</strong></span> <span class='ocrx_word' id='word_1_286' title='bbox 851 3357 937 3442; x_wconf 88' lang='lat' dir='ltr'><strong>apud</strong></span> <span class='ocrx_word' id='word_1_287' title='bbox 955 3377 1036 3441; x_wconf 89' lang='lat' dir='ltr'><strong>quos</strong></span> <span class='ocrx_word' id='word_1_288' title='bbox 1056 3361 1201 3443; x_wconf 81' lang='lat' dir='ltr'><strong>agatur?</strong></span> <span class='ocrx_word' id='word_1_289' title='bbox 1214 3377 1239 3417; x_wconf 81' lang='lat' dir='ltr'><strong>u</strong></span> 
     </span>
     <span class='ocr_line' id='line_1_37' title="bbox 188 3444 1203 3533; baseline 0 -21"><span class='ocrx_word' id='word_1_290' title='bbox 188 3448 310 3532; x_wconf 83' lang='lat' dir='ltr'><strong>Agitur</strong></span> <span class='ocrx_word' id='word_1_291' title='bbox 337 3446 376 3512; x_wconf 89' lang='lat' dir='ltr'><strong>de</strong></span> <span class='ocrx_word' id='word_1_292' title='bbox 398 3446 585 3532; x_wconf 91' lang='lat' dir='ltr'><strong>parricidio,</strong></span> <span class='ocrx_word' id='word_1_293' title='bbox 611 3445 697 3529; x_wconf 88' lang='lat' dir='ltr'><strong>quod</strong></span> <span class='ocrx_word' id='word_1_294' title='bbox 720 3445 789 3510; x_wconf 86' lang='lat' dir='ltr'><strong>sine</strong></span> <span class='ocrx_word' id='word_1_295' title='bbox 812 3445 925 3510; x_wconf 90' lang='lat' dir='ltr'><strong>multis</strong></span> <span class='ocrx_word' id='word_1_296' title='bbox 948 3444 1053 3509; x_wconf 88' lang='lat' dir='ltr'><strong>causis</strong></span> <span class='ocrx_word' id='word_1_297' title='bbox 1077 3448 1203 3533; x_wconf 89' lang='lat' dir='ltr'><strong>suscipi</strong></span> 
     </span>
     <span class='ocr_line' id='line_1_38' title="bbox 189 3532 1278 3622; baseline 0.002 -24"><span class='ocrx_word' id='word_1_298' title='bbox 189 3554 255 3598; x_wconf 88' lang='lat' dir='ltr'><strong>non</strong></span> <span class='ocrx_word' id='word_1_299' title='bbox 268 3537 392 3618; x_wconf 74' lang='lat' dir='ltr'><strong>potest,</strong></span> <span class='ocrx_word' id='word_1_300' title='bbox 411 3534 497 3617; x_wconf 85' lang='lat' dir='ltr'><strong>apud</strong></span> <span class='ocrx_word' id='word_1_301' title='bbox 509 3533 657 3602; x_wconf 86' lang='lat' dir='ltr'><strong>homines</strong></span> <span class='ocrx_word' id='word_1_302' title='bbox 672 3536 780 3597; x_wconf 89' lang='lat' dir='ltr'><strong>autem</strong></span> <span class='ocrx_word' id='word_1_303' title='bbox 794 3532 1063 3617; x_wconf 86' lang='lat' dir='ltr'><strong>prudentissimos</strong></span> <span class='ocrx_word' id='word_1_304' title='bbox 1079 3535 1203 3621; x_wconf 85' lang='lat' dir='ltr'><strong>agitur,</strong></span> <span class='ocrx_word' id='word_1_305' title='bbox 1277 3571 1278 3622; x_wconf 56' lang='lat' dir='ltr'><strong>p</strong></span> 
     </span>
    </p>
   </div>
   <div class='ocr_carea' id='block_1_3' title="bbox 0 0 1290 3876">
    <p class='ocr_par' dir='ltr' id='par_1_12' title="bbox 0 0 1290 3876">
     <span class='ocr_line' id='line_1_39' title="bbox 0 0 1290 3876; baseline 0 0"><span class='ocrx_word' id='word_1_306' title='bbox 0 0 1290 3876; x_wconf 95' lang='lat' dir='ltr'><strong> </strong></span> 
     </span>
    </p>
   </div>
  </div>
 </body>
</html>
