2590 3884
380 156 455 212 011).
477 163 581 212 11-13
601 163 616 224 5
635 163 740 212 31-41
864 239 865 242 ¹
1007 158 1069 221 111

72 294 210 384 Dicenda,
234 301 498 385 demonstranda,
523 301 713 389 explicanda
731 304 808 367 sunt
831 300 949 383 omnia,
973 322 1071 366 causa

71 408 127 451 non
147 389 253 453 solum
277 391 480 475 exponenda,
508 391 687 456 sedetiam
711 389 855 475 graviter
878 389 1070 474 copioseque

71 476 182 559 agenda
207 481 273 562 est3
301 478 532 563 perficiendum
555 481 618 562 est,
647 479 673 543 si
698 478 776 563 quid
799 500 895 565 agere
919 481 976 543 aut
997 499 1070 562 pro·

70 563 152 630 ficere
177 565 241 650 vis,
269 570 310 630 ut
336 566 484 632 homines
512 570 545 631 te
568 589 634 632 non
658 567 763 632 solum
786 567 933 650 audiant,
958 587 1070 632 verum

50 650 157 716 1111111
185 653 331 719 libenter
362 655 568 740 studioseque
601 655 743 719 audiant.
796 653 835 720 In
872 676 936 738 quo
973 654 1002 718 si
1036 658 1069 719 te

69 739 195 806 nultum
221 745 345 807 natura
373 743 552 827 adiuvaret,
579 743 609 807 si
639 743 772 829 optimis
796 765 816 808 a
838 743 980 828 pueritia
1006 742 1070 806 dis-

69 825 183 911 ciplinis
207 834 310 915 atque
333 831 459 896 artibus
483 830 662 896 studuisses
685 835 718 896 et
736 831 772 896 in
788 830 841 895 his
860 830 1070 915 elaborasses

70 914 93 978 si
119 915 246 983 litteras
280 917 422 984 Graecas
453 919 606 1004 Athenis,
642 941 709 985 non
739 918 900 1003 Lilybaei,
936 917 1069 984 Latinas
1106 950 1107 953 ¹

69 1002 189 1089 1111111,
211 1028 282 1072 111
295 1007 331 1071 in
345 1005 456 1073 Sicilia
475 1007 650 1092 didicisses,
672 1012 784 1072 tamen
806 1011 893 1072 esset
915 1027 1070 1092 magnum
1111 1036 1113 1040 ’

41 1115 59 1152 1
69 1094 184 1158 tantam
202 1117 347 1179 causam,
366 1099 436 1161 tam
454 1099 657 1181 expectatam
678 1099 711 1161 11
730 1095 901 1182 diligentia
918 1094 1071 1178 consequi

69 1183 97 1243 11
116 1183 272 1249 memoria
294 1183 468 1269 complecti
491 1187 524 1248 et
547 1184 695 1250 oratione
719 1204 905 1268 expromere
932 1187 965 1248 et
992 1204 1070 1248 voce

69 1289 100 1332 ac
120 1270 241 1336 viribus
265 1273 435 1336 sustinere.

125 1355 280 1425 Fortasse
298 1360 397 1426 dices:
416 1359 512 1436 ‘Quid
526 1361 626 1447 ergo?
645 1361 726 1425 haec
738 1361 774 1425 in
787 1365 820 1425 te
835 1364 911 1425 sunt
926 1357 1069 1426 omnia?⁸
1088 1365 1123 1414 40

69 1442 191 1512 Utinam
215 1448 347 1532 quidem
371 1450 492 1513 essenti
515 1470 628 1515 verum
650 1453 762 1513 tamen
783 1452 821 1513 ut
839 1470 910 1514 esse
927 1452 1071 1533 possent,

41 1554 177 1620 anagnu
200 1536 311 1602 studio
334 1537 416 1602 mihi
439 1561 458 1601 a
476 1537 616 1621 pueritia
635 1540 686 1601 est
704 1537 915 1602 elaboratum.
949 1536 1071 1613 Quodsi

69 1641 122 1706 ego
134 1623 211 1690 haec
229 1628 368 1709 propter
386 1625 643 1711 magnitudinem
661 1647 769 1690 rerum
788 1647 825 1690 ac
846 1624 1070 1690 difficultatem

70 1712 187 1796 assequi
207 1734 277 1778 non
299 1713 406 1798 potui,
432 1713 487 1798 qui
509 1714 545 1777 in
572 1713 661 1778 omni
687 1713 756 1778 rita
781 1712 865 1778 nihil
893 1713 983 1777 aliud
1008 1712 1071 1797 egi,

70 1818 156 1879 quam
178 1801 279 1888 longe
301 1806 339 1866 11
361 1805 395 1866 11
419 1802 459 1866 ab
478 1801 529 1866 his
548 1802 645 1866 rebus
664 1801 777 1866 abesse
797 1800 966 1885 arbitrare,
988 1821 1070 1884 quas

68 1905 126 1950 non
154 1889 251 1954 modo
286 1893 383 1954 antea
413 1912 591 1973 numquam
623 1889 790 1975 cogitasti,
827 1888 884 1953 sed
914 1909 955 1952 11
985 1909 1070 1952 1111

40 1974 197 2061 ecquidem,
220 1999 295 2043 cum
317 1977 353 2042 in
375 1999 429 2042 eas
452 1977 646 2064 ingrederis,
670 1999 752 2061 quae
775 1980 809 2040 et
832 1979 972 2061 quantae
996 1975 1071 2060 sint,
1083 2029 1123 2093 ,3

70 2064 216 2148 suspicari
244 2065 364 2150 potes?
408 2065 495 2152 Ego,
528 2067 596 2150 qui,
631 2065 715 2131 sicut
747 2086 858 2130 omnes
891 2064 1069 2149 sciunt,·in
1088 2107 1122 2156 41

69 2148 132 2216 foro
161 2153 354 2238 iudiciisque
385 2154 434 2219 ita
465 2176 587 2237 verser,
619 2157 657 2218 ut
688 2153 831 2218 eiusdem
863 2153 981 2218 aetatis
1013 2156 1070 2217 aut

69 2258 153 2305 nemo
167 2245 227 2307 aut
244 2242 339 2326 pauci
357 2243 467 2326 plures
486 2263 601 2308 causas
621 2240 830 2324 defenderint,
849 2245 882 2306 11
901 2241 956 2325 qui
975 2263 1070 2307 omne

70 2328 199 2414 tenpus,
230 2330 316 2414 quod
343 2330 424 2395 mibi
452 2329 493 2394 ab
521 2331 700 2396 amicorum
725 2329 866 2416 negotiis
896 2330 1005 2414 datur,
1036 2330 1071 2394 in

39 2412 113 2478 ahs
140 2417 257 2482 studiis
283 2418 515 2503 laboribusque
543 2439 745 2502 consumam,
774 2440 837 2502 quo
860 2419 1007 2503 paratior·
1030 2419 1070 2483 ad

69 2523 152 2570 usum
173 2506 339 2571 forensem
361 2507 606 2592 promptiorque
630 2527 701 2571 esse
722 2506 855 2591 possim,
878 2510 998 2590 tamen,
1023 2507 1071 2571 ita

70 2591 140 2656 nihi
162 2595 241 2660 deos
264 2595 364 2660 velim
386 2594 556 2680 propitios,
577 2597 624 2674 ut,
647 2616 720 2659 cum
738 2594 827 2658 illius
846 2595 928 2660 mihi
945 2599 1071 2680 tempo-

69 2678 108 2743 ris
131 2682 222 2747 renit
248 2681 283 2747 in
310 2687 466 2767 mentem,
494 2703 558 2767 quo
588 2683 639 2747 die
662 2683 762 2748 citato
785 2703 840 2748 reo
864 2683 945 2747 mihi
968 2682 1071 2748 dicen-

70 2764 136 2833 dum
158 2771 211 2854 sit,
234 2792 300 2836 non
321 2771 427 2836 solum
446 2791 652 2837 commoveor
670 2771 788 2854 animo,
811 2771 867 2836 sed
885 2770 985 2836 etiam
998 2774 1070 2836 toto

39 2874 193 2941 acorpore
215 2858 435 2943 perhorresco.
472 2858 543 2924 Iam
564 2880 650 2924 nunc
677 2860 785 2923 mente
812 2862 846 2924 et
873 2858 1123 2944 cogitationem

70 2947 237 3032 prospicio,
265 2969 347 3032 quac
374 2950 446 3012 tum
474 2947 582 3012 studia
609 2946 791 3032 hominum,
818 2947 873 3031 qui
896 2967 1070 3012 concursus

70 3029 162 3098 futuri
184 3035 261 3120 sint,
284 3039 442 3120 quantam
466 3035 722 3121 expectationem
746 3032 936 3121 magnitudo
961 3032 1072 3098 iudicii

71 3118 108 3183 sit
125 3122 274 3208 allatura,
298 3128 453 3208 quantam
473 3124 657 3188 auditorum
676 3122 919 3188 multitudinem
935 3121 1072 3186 infamia

71 3205 100 3271 Ο.
123 3207 236 3276 Verris
268 3213 483 3296 concitatum,
518 3215 673 3296 quantam
705 3211 841 3295 denique
874 3208 1072 3274 audientiam

40 3298 202 3364 1111111111
238 3322 328 3365 meae
365 3300 560 3386 improbitas
594 3299 685 3365 illius
721 3299 849 3364 factura
881 3297 932 3362 sit.
983 3297 1071 3374 Quae

70 3405 135 3450 cum
155 3387 276 3474 cogito,
297 3389 363 3455 iam
386 3411 471 3454 nunc
493 3389 608 3472 timeo,
636 3386 790 3472 quidnam
812 3408 872 3471 pro
897 3385 1072 3451 offensione

69 3469 238 3561 hominum,
262 3476 317 3562 qui
338 3477 390 3543 illi
412 3477 536 3544 inimici
557 3475 739 3559 infensique
764 3478 849 3558 sunt,
872 3477 905 3539 et
927 3478 1072 3558 expecta·
