2576 3882
377 213 445 270 LIB.
464 216 492 271 Il
533 215 608 271 GAP.
630 223 734 272 14-16
753 222 768 283 ξ
787 223 900 274 36-41.
1075 219 1140 286 213

132 357 300 425 advocatis
328 358 397 423 adit
424 361 458 424 et
484 361 644 444 postulat,
675 363 713 426 ut
740 360 803 425 sibi
831 383 903 426 eum
930 363 1141 449 palaestritis,

131 448 195 513 hoc
213 450 264 512 est
282 469 355 513 cunr
372 447 494 533 populo
514 445 725 533 Syracusano,
747 470 850 533 aequo
868 449 938 516 iure
960 451 1141 537 disceptare

131 536 239 602 liceat.
284 534 474 601 Adversarii
500 537 683 621 postulant,
709 539 747 602 ut
774 538 809 603 in
832 560 904 603 eam
926 561 996 604 rem
1018 541 1140 607 iudices

47 691 51 700 ,
132 625 249 689 dentur
263 645 303 689 ox
315 624 357 689 iis
376 623 574 708 civitatibus,
593 647 674 709 quae
692 624 727 690 in
744 624 778 690 id
795 625 902 691 lorum
922 629 1140 714 convenirent,

103 713 242 797 selecti,
277 711 333 797 qui
364 711 461 778 Verri
496 712 694 796 viderentur,
730 712 902 780 Heraclius
939 719 1066 802 contra,
1102 721 1140 783 ut

130 800 252 867 iudices
276 822 294 865 e
317 802 390 886 lege
411 800 544 886 Rupilia
571 801 700 886 dentur,
726 823 768 867 ne
796 803 837 867 ab
859 803 1022 869 institutis
1046 827 1140 890 supe-

131 890 265 973 riorum,
288 889 329 955 ab
350 889 544 956 auctoritate
563 894 704 975 senatus,
728 890 770 956 ab
792 890 862 956 iure
885 882 1139 959 omnium'Sicu-

131 979 240 1043 lorum
271 977 449 1043 recedatur.
499 976 584 1055 Quid
616 997 677 1064 ego
708 977 805 1044 istius
836 979 872 1044 in
901 980 971 1044 iure
1002 980 1138 1047 dicundo
1151 951 1193 1078 13}

132 1065 301 1130 libidinem
328 1069 362 1130 et
389 1066 511 1132 scelera
538 1065 778 1132 demonstrem?
811 1067 883 1152 quis
906 1072 1051 1134 restrum
1074 1091 1142 1135 non

89 1171 119 1212 ro
132 1154 168 1218 in
189 1153 316 1219 urbana
337 1153 418 1219 iuris
441 1153 580 1220 dictione
604 1154 778 1241 cognovit?
802 1155 874 1240 quis
896 1156 1052 1241 umquam
1073 1157 1140 1225 isto

131 1243 283 1326 praetore
310 1239 487 1309 Chelidone
518 1243 623 1309 invita
654 1244 727 1329 lege
759 1265 856 1330 agere
883 1245 1014 1329 potuit?
1064 1245 1140 1311 Non

131 1331 241 1414 istum,
264 1333 386 1396 utnon
402 1331 572 1416 neminem,
594 1331 763 1417 provincie
783 1333 937 1418 corrupit,
960 1333 1046 1398 idem
1067 1333 1141 1418 fuit,

132 1418 188 1504 qui
208 1418 343 1484 Romae.
388 1416 470 1498 (lum
497 1419 544 1504 id,
572 1420 659 1504 quod
686 1442 799 1486 omnes
821 1419 1072 1507 intellegebant,
1094 1422 1141 1488 di·

130 1510 220 1573 ceret
241 1505 422 1590 Heraclius,
445 1510 570 1574 certum
592 1507 643 1574 ius
667 1530 737 1574 esse
760 1505 877 1575 Siculis
899 1509 934 1573 in
950 1532 985 1575 er
1009 1531 1052 1594 se,
1076 1532 1140 1595 quo

89 1612 117 1654 15
131 1596 202 1660 iure
220 1598 393 1679 certarent,
410 1597 518 1682 legem
536 1616 606 1661 esse
624 1595 800 1682 Rupiliam,
824 1619 921 1682 quam
938 1596 975 1662 P.
989 1597 1139 1684 Rupilius

131 1683 245 1749 consul
273 1683 311 1748 de
339 1683 448 1751 decem
475 1685 660 1768 legatorum
688 1683 850 1749 sententia
875 1684 1029 1770 dedisset3
1056 1686 1141 1751 hanc

131 1793 243 1838 omnes
276 1793 404 1857 semper
434 1772 471 1837 in
497 1769 608 1837 Sicilia
639 1773 787 1838 consules
818 1776 1049 1858 praetoresque
1077 1795 1141 1838 ser·

92 1925 96 1932 ,
131 1881 239 1926 rasse:
265 1860 399 1946 negavit
426 1881 461 1925 se
488 1859 609 1926 iudices
642 1861 753 1945 elego
777 1860 911 1944 Rupilia
939 1861 1140 1947 sortiturum,

133 1949 274 2033 quinque
310 1948 444 2032 iudices,
481 1969 562 2032 quos
597 1948 662 2034 ipsi
693 1948 898 2014 commodum
929 1947 1006 2034 luit,
1043 1949 1139 2015 dedit.

87 2055 117 2096 20
134 2035 218 2112 Quid
248 2036 311 2102 hoc
342 2037 475 2102 homine
505 2035 629 2102 facias?
662 2037 748 2121 quod
780 2036 975 2122 supplicium
1005 2037 1139 2124 dignum
1157 2047 1192 2100 40

131 2124 265 2190 libidine
294 2125 361 2190 eius
388 2125 557 2191 invenias?
596 2124 838 2210 Praeseriptum
862 2125 925 2189 tibi
947 2147 1021 2192 cum
1044 2129 1139 2211 esset,

130 2213 230 2279 homo
254 2212 426 2278 deterrime
449 2215 483 2278 et
504 2213 796 2298 impudentissime,
824 2235 919 2297 quem
943 2213 1139 2279 admodum

130 2300 253 2367 iudices
283 2301 370 2367 inter
398 2299 523 2368 Siculos
551 2302 658 2386 dares,
690 2323 763 2368 curn
790 2301 997 2387 imperatoris
1024 2302 1140 2389 populi

130 2389 272 2455 Romani
304 2389 494 2473 austeriter,
526 2391 710 2476 legatorum
736 2409 773 2474 x,
805 2411 1004 2456 summorum
1036 2391 1139 2456 homi·

86 2496 116 2537 ²⁶
130 2477 1139 2652 llitrlgilitlllliuie“inliditlmiletssiliilit'llil}

129 2653 166 2718 in
194 2651 311 2719 ,Sicilie
347 2654 573 2737 constituerat,
610 2675 682 2719 oum
719 2676 829 2720 omnes
867 2659 943 2720 ante
978 2659 1012 2720 te
1048 2589 1139 2741 prgae·

129 2744 238 2806 torem
254 2741 404 2827 Rupilias
422 2741 512 2828 leges
531 2745 564 2806 et
584 2741 619 2806 in
641 2743 755 2807 ceteris
779 2743 875 2808 rebus
899 2747 932 2808 et
953 2742 989 2808 in
1011 2743 1138 2808 iudiciis

130 2829 271 2896 maxime
289 2830 527 2913 observassent,
549 2833 585 2895 tu
604 2852 701 2896 ausus
721 2853 754 2896 es
773 2830 955 2916 pronihilo
978 2852 1056 2916 prae
1080 2832 1138 2896 tua

86 2937 116 2978 so
129 2918 252 3002 praeda
264 2920 316 2983 tot
334 2940 385 2983 res
405 2917 627 2984 sanctissimas
647 2918 783 2984 ducere?
806 2919 869 2983 tibi
885 2918 977 2983 nulla
995 2919 1048 2982 lex
1064 2917 1138 3002 fuit,

129 3006 223 3072 nulla
236 3005 362 3092 religio,
379 3007 490 3070 nullus
505 3005 754 3071 existimationis
768 3007 880 3092 pudor,
898 3006 1008 3071 nullus
1026 3005 1137 3070 iudicii

129 3094 259 3159 metus?
294 3093 417 3159 nullius
454 3093 540 3180 apud
570 3097 604 3159 te
639 3095 749 3180 gravis
781 3094 974 3176 auctoritas,
1009 3095 1137 3158 nullum

129 3182 327 3267 exemplum,
358 3182 445 3267 quod
477 3182 569 3266 sequi
600 3182 722 3248 velles?
772 3182 907 3266 Verum,
939 3183 977 3246 ut
1008 3180 1138 3247 institui
1155 3193 1189 3244 41

129 3271 248 3355 dicere,
276 3269 418 3356 quinque
443 3270 603 3336 iudicibus
628 3271 722 3336 nulla
747 3271 834 3356 lege,
860 3269 952 3334 nullo
975 3269 1137 3356 instituto,

83 3378 113 3421 ss
127 3359 222 3424 nulla
247 3359 433 3444 reiectione,
459 3360 551 3424 nulla
578 3362 666 3424 sorte
694 3380 733 3423 ex
760 3358 894 3424 libidine
920 3357 1016 3423 istius
1041 3359 1136 3445 datis,

126 3468 197 3514 non
223 3448 278 3532 qui
305 3469 436 3514 oausam
463 3450 708 3533 cognoscerent,
740 3446 797 3511 sed
825 3445 893 3531 qui,
926 3447 1011 3531 quod
1037 3447 1137 3533 impe·

126 3540 238 3602 ratum
257 3540 352 3622 esset,
371 3535 559 3618 iudicarent,
583 3557 620 3601 eo
640 3534 690 3599 die
708 3534 791 3601 nihil
810 3539 918 3601 actum
937 3539 1000 3624 est3
1024 3537 1136 3602 adesse
