2600 3878
381 141 448 198 ΜΒ.
462 143 501 198 IV
533 143 612 199 OAP.
632 150 703 200 e-o
722 149 737 210 s
757 150 870 200 11-17,
1067 144 1132 212 369

121 307 251 440 eru
270 307 406 451 Ἤῑᾚᾞ
427 286 780 442 stertunt?
796 307 976 464 tillut?
997 311 1065 464 tlt
1075 313 1133 444 ,u

120 484 187 528 non
205 462 341 528 minoris
362 467 418 529 aut
437 462 536 528 etiam
553 463 657 548 pluris
679 465 825 550 emerint,
846 487 953 532 nonne
976 467 1132 553 possum?

121 550 252 618 Etenim
276 551 332 635 qui
354 551 469 617 modus
492 554 543 616 cst
565 553 601 617 in
622 551 674 617 his
697 553 793 619 rebus
817 555 1019 640 cupiditatis,
1044 556 1131 621 idem

94 643 172 704 uest
184 639 435 724 aestimationis3
450 639 581 705 difficile
593 643 644 706 est
656 641 768 723 [enim]
783 642 882 707 finem
894 643 1001 709 faeere
1014 644 1131 730 pretio,

0 757 2 772 =
121 728 185 793 nisi
203 728 332 793 libidini
349 726 472 794 feceris.
508 727 612 794 Video
630 728 733 814 igitur
751 729 870 796 Heium
892 752 996 816 neque
1018 733 1131 798 volun·

0 845 1 872 r
121 819 191 881 tate
204 838 308 900 neque
323 815 516 882 difficultate
531 817 641 901 aliqua
654 818 812 902 temporis
829 839 888 884 nec
906 820 1131 905 magnitudine

116 901 276 990 'pecuniae
295 904 468 970 adductum
487 906 566 989 esse,
585 908 622 970 ut
639 904 720 971 haec
739 906 833 991 signe
850 907 1013 991 venderet,
1035 911 1131 992 teque

0 1037 6 1048 2
120 993 187 1058 ista
205 993 412 1058 simulatione
436 993 610 1078 emptionis
633 994 675 1078 vi,
698 998 796 1078 metu,
819 993 965 1080 imperio,
987 994 1131 1061 fascibus

2 1084 7 1093 '
80 1097 108 1139 10
123 1081 164 1146 ab
182 1080 314 1146 homine
332 1103 380 1166 eo,
403 1103 499 1165 quem
517 1103 582 1146 una
600 1104 673 1147 cum
691 1083 807 1147 ceteris
825 1083 921 1148 sociis
939 1104 1006 1148 non
1024 1082 1131 1148 solum

121 1169 280 1255 potestati
299 1173 383 1253 tuoe,
405 1170 462 1234 sed
480 1170 580 1234 etiam
600 1170 675 1235 fidei
697 1170 837 1255 populus
855 1170 1023 1237 Romanus
1046 1193 1131 1236 com·

4 1281 10 1326 ε
121 1257 268 1341 miserat,
292 1257 448 1342 eripuisse
472 1261 570 1342 atque
593 1258 777 1323 abstulisse.
862 1310 868 1323 .

2 1353 10 1416 ¹.
188 1346 273 1424 Quid
295 1345 377 1411 mibi
399 1350 469 1411 tam
492 1346 684 1432 optandum,
710 1346 844 1431 iudices,
869 1350 1073 1431 potestesse
1096 1348 1131 1412 in
1152 1355 1183 1405 1⁶

0 1479 10 1502 r
121 1433 185 1500 hoc
210 1435 357 1519 crimine,
386 1456 483 1519 quam
508 1438 545 1499 ut
566 1435 648 1500 haec
671 1435 782 1500 eadem
806 1435 893 1500 dicat
913 1435 984 1520 ipse
1006 1434 1131 1501 Heius?

5 1579 7 1582 .
79 1538 107 1580 1⁵
121 1522 213 1588 Nihil
240 1522 401 1608 profect03
428 1523 484 1587 sed
510 1545 551 1587 ne
579 1522 726 1588 difficilia
752 1526 910 1608 optemus.
956 1523 1057 1589 Heius
1081 1527 1132 1589 est

121 1609 348 1694 Mamertinus3
366 1610 563 1676 Mamertina
575 1611 691 1676 civitas
704 1610 805 1676 istum
820 1610 950 1696 publice
968 1612 1132 1678 communi

1 1745 11 1772 „
122 1699 258 1763 consilio
281 1699 353 1763 sola
374 1699 499 1782 laudat,
523 1698 674 1764 omnibus
696 1699 759 1765 iste
782 1699 898 1765 ceteris
917 1697 1033 1764 Siculis
1057 1699 1131 1764 odio

0 1833 3 1858 ,
123 1789 187 1872 cst,
211 1787 253 1852 ab
272 1786 325 1852 his
349 1786 428 1852 solis
451 1791 592 1870 amatur,
616 1787 683 1852 eius
708 1791 818 1852 autem
840 1787 1025 1872 legationis,
1049 1809 1131 1871 quae

1 1897 12 1925 ‘a
124 1875 165 1940 ad
194 1875 295 1940 istum
327 1875 524 1940 laudandum
551 1875 652 1940 missa
679 1878 742 1959 est,
774 1875 923 1960 princeps
952 1878 1002 1940 est
1028 1873 1131 1940 Heius

5 1999 12 2043 ς
80 1980 109 2021 20
124 1961 260 2048 (etenim
288 1966 338 2028 est
362 1963 486 2048 primus
510 1961 677 2048 civitatis),
702 1962 865 2047 neforto,
892 1962 969 2027 dum
991 1962 1131 2048 publicis

123 2050 284 2116 mandatis
312 2051 447 2136 serviat,
475 2051 514 2116 de
540 2051 679 2136 privatis
705 2050 831 2116 iniuriis
854 2050 997 2116 reticeat.
1041 2049 1132 2117 Haec
1151 2066 1184 2116 16

2 2157 11 2222 ᾗ
123 2162 195 2204 cum
228 2139 344 2205 scirem
376 2144 409 2205 et
440 2139 632 2225 cogitarem,
669 2138 816 2204 commisi
847 2142 972 2224 tamen,
1002 2138 1132 2223 iudices

1 2299 2 2315 ,
123 2226 219 2312 Heio,
246 2227 384 2313 produxi
412 2229 512 2309 [eum]
540 2227 646 2312 prima
674 2227 813 2311 actione,
840 2248 944 2311 neque
965 2226 1000 2292 id
1021 2231 1133 2292 tamen

123 2316 191 2380 ullo
220 2316 365 2400 periculo
392 2314 463 2381 feci.
505 2315 590 2392 Quid
617 2315 702 2379 enim
724 2319 854 2400 poterat
877 2314 979 2380 Heius
1001 2337 1132 2400 respon-

5 2450 10 2483 a
81 2418 109 2460 2⁵
125 2403 212 2488 dere,
242 2405 271 2468 si
298 2406 383 2468 esset
409 2403 592 2488 improbus,
620 2403 649 2468 si
676 2403 726 2468 sui
754 2403 943 2468 dissimilis?
976 2424 1046 2468 esse
1073 2403 1133 2468 illa

0 2551 2 2556 ⁴
124 2491 219 2576 signa
238 2491 326 2556 domi
343 2512 429 2576 suae,
451 2512 517 2557 non
536 2512 606 2556 esse
625 2491 711 2574 apud
723 2489 881 2556 Verrem?
918 2490 981 2568 Qui
1002 2494 1133 2576 poterat

125 2579 298 2664 quicquam
330 2578 398 2644 eius
430 2579 518 2645 modi
550 2578 676 2645 dicere?
721 2579 769 2644 Ut
797 2578 895 2645 homo
922 2579 1132 2665 turpissimus

1 2691 9 2727 .’
124 2670 210 2733 esset
236 2666 567 2752 impudentissimeque
595 2667 799 2752 mentiretur,
826 2666 889 2733 hoc
917 2667 1049 2752 diceret,
1073 2668 1133 2732 illc

1 2806 9 2840 13
125 2778 159 2822 se
177 2754 331 2820 habuisse
351 2756 493 2840 venalia,
517 2777 617 2841 eaque
640 2776 723 2840 sese,
747 2756 861 2840 quanti
882 2755 1036 2838 voluerit,
1059 2777 1133 2820 ven·

1 2841 6 2850 ’
82 2861 110 2902 ³0
125 2844 254 2909 didisse.
300 2841 410 2908 Homo
438 2843 526 2910 domi
546 2865 630 2909 suae
655 2844 892 2927 nobilissimus,
925 2843 981 2926 qui
1007 2862 1066 2907 vos
1094 2841 1133 2906 dc

123 2931 282 3018 religione
315 2951 374 2996 sua
406 2953 443 2997 ac
475 2931 635 3018 dignitate
664 2954 739 2998 vere
769 2931 964 2996 existumare
993 2929 1133 2994 maxime

123 3021 233 3105 vellet,
255 3017 362 3104 primo
381 3019 463 3085 dixit
481 3042 516 3085 se
533 3020 634 3085 istum
652 3020 781 3105 publice
798 3019 940 3100 laudare,
963 3016 1049 3103 quod
1070 3017 1134 3082 sibi

1 3145 4 3179 ,-
123 3108 171 3175 ita
203 3107 393 3174 mandatum
426 3111 524 3192 esset3
557 3108 670 3174 deinde
701 3128 804 3192 neque
832 3127 867 3171 se
893 3105 953 3170 illa
979 3104 1133 3170 habuisse

123 3197 253 3263 venalia
269 3217 374 3280 neque
392 3197 462 3264 ulla
480 3196 675 3280 condicione,
693 3195 731 3279 si,
751 3198 861 3260 utrum
880 3194 989 3279 vellet,
1012 3192 1134 3279 liceret,

3 3339 7 3355 ,,
82 3299 110 3344 ³5
125 3285 239 3350 adduci
270 3305 426 3367 umquam
452 3284 611 3370 potuisse,
642 3287 680 3349 ut
706 3282 860 3349 venderet
886 3281 958 3366 illa,
990 3303 1072 3365 quae
1098 3280 1134 3346 in

125 3372 266 3438 sacrario
293 3372 434 3438 fuissent
457 3395 476 3438 a
504 3373 682 3438 maioribus
711 3371 777 3436 suis
804 3370 919 3435 relicta
946 3373 980 3435 et
1001 3369 1169 3452 traditag

190 3458 273 3536 Quid
292 3460 393 3546 sodes,
412 3459 554 3526 Verres?
578 3459 654 3544 quid
674 3459 846 3544 expectas?
870 3457 1178 3544 quidteaOen·1t

176 3572 224 3614 cro
244 3573 277 3616 11.
292 3575 311 3615 r.
415 3587 419 3598 ι
885 3567 919 3616 24
