2622 3884
378 141 445 200 ura.
463 141 503 197 lv
535 140 736 198 canae-41
756 147 771 210 a
789 146 903 198 sc-ee.
1075 140 1140 205 401

113 281 168 352 'in
186 284 315 372 oppidis
334 283 476 370 Siciliaa3
501 307 539 352 ex
559 286 675 370 quibus
698 285 761 351 iste
780 283 814 351 0.
827 285 975 351 Marcelli
998 289 1143 352 statuam

132 375 265 461 delegit,
288 374 379 440 cuius
399 374 508 440 officia
524 374 560 439 in
576 374 670 440 illam
689 374 856 440 civitatem
878 377 1048 459 totamque
1070 397 1142 460 pro

131 463 273 530 vinciam
287 463 511 530 recentissima
520 466 614 528 erant
628 467 661 528 et
674 463 824 528 maxima.
851 462 891 528 In
905 485 942 528 ea
957 460 1142 549 Sopatrum,

131 552 299 619 hominem
317 574 391 618 cum
412 550 500 617 domi
522 551 676 635 nobilem,
699 555 770 618 tum
794 573 920 617 summo
944 551 1142 639 magistratu

104 640 328 726 aprutium,
350 639 584 710 divaricariac
607 639 746 726 deligari
767 639 866 705 iubet.
903 637 973 714 Quo
997 639 1142 706 cruciatu
1159 649 1194 702 87

134 730 179 794 sit
206 728 365 812 adfectus,
392 729 501 794 venire
528 728 564 793 in
590 731 733 794 mentem
755 749 885 795 necesse
908 731 959 794 est
982 728 1143 813 omnibus,

133 840 208 885 cum
227 821 313 883 esset
330 817 459 884 vinctus
476 817 581 883 nudus
604 817 640 882 in
663 821 745 902 aire,
767 816 803 882 in
824 815 933 901 imbri,
954 815 989 881 in
1010 815 1141 903 frigore.

132 905 247 992 Neque
274 909 386 972 tamen
408 904 482 970 finis
504 905 580 971 huic
602 905 739 970 iniuriae
761 904 1010 989 crudelitatique
1032 904 1143 988 fiebat,
1206 945 1207 950 κ

132 994 235 1060 donec
252 994 392 1079 populus
411 997 509 1079 etque
527 993 679 1060 universa
701 993 876 1059 multitudo
900 993 1072 1060 atrocitate
1094 992 1143 1058 rei

92 1099 120 1140 10
134 1082 418 1168 misericordiaque
441 1085 605 1150 commota
627 1085 776 1148 senatum
800 1083 941 1148 clamore
964 1080 1082 1166 coligit,
1104 1083 1143 1146 ut

133 1171 191 1236 isti
210 1171 418 1236 simulacrum
436 1171 519 1236 illud
538 1170 677 1236 Mercuri
695 1170 913 1255 polliceretur.
945 1167 1142 1235 Clamabunt

132 1259 214 1344 fore,
231 1263 270 1324 ut
282 1258 347 1345 ipsi
361 1280 431 1324 sese
446 1259 479 1324 di
491 1259 695 1325 immortales
712 1259 957 1342 ulciscerentur3
975 1256 1142 1323 hominem

132 1347 377 1432 interceperire
390 1347 595 1414 innocentem
608 1369 675 1413 non
692 1351 851 1433 oportere.
888 1346 972 1412 Tum
989 1345 1142 1430 frequens
1205 1359 1215 1417 ‚³

135 1439 267 1501 senatus
282 1434 323 1500 ad
340 1435 440 1501 istum
458 1436 558 1520 venit,
575 1436 749 1522 pollicetur
767 1435 906 1522 signum.
937 1434 990 1499 Ita
1004 1430 1143 1520 Sopater

94 1538 121 1580 1⁶
135 1524 174 1589 de
206 1527 318 1590 statua
347 1521 381 1589 O.
405 1523 567 1608 Marcelli,
598 1545 672 1590 cum
702 1522 769 1589 iam
799 1543 902 1608 paene
934 1523 1142 1610 obriguisset,

134 1612 189 1678 vix
211 1613 305 1678 vivus
328 1611 483 1678 aufertur.

201 1698 278 1766 Non
299 1721 434 1786 possum
457 1699 614 1785 disposite
636 1698 737 1764 istum
761 1719 925 1781 accusare,
948 1698 977 1764 si
999 1698 1142 1783 cupiam3

135 1810 217 1873 opus
250 1791 301 1854 est
331 1809 396 1854 non
427 1788 533 1854 solum
560 1787 705 1873 ingenio,
736 1807 849 1852 verum
877 1786 976 1851 etiam
1003 1786 1141 1852 artificio
1151 1835 1194 1901 41

1161 1913 1195 1964 88

135 1877 277 1962 quodam
295 1875 463 1963 singulari.
502 1873 613 1941 Unum
634 1875 698 1941 hoc
719 1874 842 1939 crimen
864 1873 993 1939 videtur
1015 1895 1085 1939 esse
1109 1877 1142 1938 et

95 1981 157 2030 wa
174 1987 226 2031 me
244 1986 304 2051 pro
323 1986 386 2031 uno
406 1963 538 2051 ponitur
557 1963 595 2028 de
613 1961 772 2028 Mercurio
791 1961 1027 2046 Tyndaritun03
1047 1961 1143 2047 plura

136 2057 222 2138 sunt,
239 2054 296 2119 sed
314 2075 353 2119 ea
370 2074 433 2138 quo
452 2056 548 2139 pacto
568 2051 766 2138 distinguere
784 2072 822 2116 ac
840 2071 991 2135 separare
1009 2049 1143 2136 possim,

134 2142 254 2209 nescio.
298 2139 361 2208 Est
387 2141 596 2226 pecuniarum
624 2142 807 2225 captarum,
835 2138 921 2223 quod
947 2137 1077 2224 signum
1100 2139 1142 2204 ab

136 2231 233 2298 sociis
260 2229 415 2316 pecuniae
438 2249 576 2316 magnae
599 2226 746 2311 sustulit,
773 2229 824 2292 est
845 2227 1028 2311 peculatus,
1056 2227 1144 2312 quod

134 2319 302 2406 publicum
328 2318 442 2404 populi
464 2315 604 2383 Romani
631 2315 761 2402 signum
788 2314 828 2382 de
854 2315 976 2401 praeda
997 2315 1143 2383 hostium

96 2421 123 2463 2⁵
136 2411 279 2492 captum,
300 2406 445 2492 positum
462 2404 670 2491 imperatoris
687 2404 794 2471 nostri
811 2403 943 2470 nomine
964 2426 1031 2471 non
1053 2403 1144 2470 dubi·

136 2495 221 2561 tavit
258 2493 397 2578 auferre,
433 2497 484 2559 eat
519 2492 715 2577 maiestatis,
752 2493 838 2578 quod
869 2492 999 2579 imperii
1028 2492 1144 2578 nostri,

137 2582 276 2670 gloriae,
307 2604 415 2649 rerum
442 2585 610 2668 gestarum
636 2585 847 2648 monumenta
873 2585 1017 2647 evertere
1044 2584 1143 2666 atque
1206 2628 1209 2662 ;

137 2675 307 2757 asportare
343 2692 440 2736 ausus
477 2674 540 2755 est,
577 2673 628 2736 est
664 2671 808 2755 sceleris,
844 2670 932 2755 quod
966 2668 1142 2756 religiones

136 2760 296 2825 maximas
314 2758 459 2844 violavit,
478 2762 528 2824 est
547 2759 758 2842 crudelitatis,
781 2757 867 2844 quod
885 2758 920 2823 in
937 2757 1142 2824 innocentem

98 2865 123 2905 ³⁰
136 2848 314 2932 bominem,
344 2846 380 2912 in
407 2847 531 2913 socium
557 2851 702 2914 restrum
730 2851 828 2932 atque
856 2845 995 2912 amicum
1021 2867 1142 2912 novum

136 2941 170 3002 et
202 2937 367 3024 singulare
399 2935 550 3022 supplicii
582 2957 684 3023 genus
713 2935 924 3021 excogitavit3
955 2933 1037 2999 illud
1064 2955 1141 2999 vcro
1160 2943 1195 2995 89

136 3024 213 3110 quid
236 3025 289 3110 sit,
311 3024 378 3089 iam
399 3045 466 3090 non
489 3046 571 3110 queo
595 3025 708 3109 dicere,
731 3045 795 3108 quo
817 3022 949 3088 nomine
972 3022 1142 3107 appellem,

135 3113 258 3198 neseio,
290 3112 375 3198 quod
406 3112 441 3177 in
469 3111 503 3179 Ο.
526 3111 675 3179 Marcelli
703 3115 821 3177 statua.
871 3108 955 3185 Quid
982 3113 1032 3176 est
1058 3109 1142 3176 hoc?

135 3206 334 3286 patronusne
361 3200 448 3286 quod
475 3202 567 3266 erat?
609 3199 693 3276 Quid
719 3198 812 3265 tum?
850 3220 913 3283 quo
939 3198 972 3263 id
994 3200 1143 3283 spectat?

98 3293 246 3354 currum
274 3312 312 3355 ea
338 3310 391 3355 res
419 3289 460 3356 ad
483 3311 579 3375 opem
602 3310 644 3354 an
667 3288 707 3353 ad
730 3287 952 3354 calamitatem
975 3287 1142 3354 clientium

137 3381 234 3462 atque
250 3378 418 3464 hospitum
436 3378 545 3444 valere
564 3375 725 3443 debebat?
748 3399 789 3442 an
807 3382 846 3442 ut
862 3376 925 3443 hoc
948 3375 1143 3460 ostenderes,

136 3468 251 3532 contra
263 3466 331 3532 rim
344 3470 436 3532 tuam
449 3466 484 3530 in
501 3465 649 3552 patronis
667 3465 821 3552 praesidii
838 3465 923 3531 nibil
941 3465 1032 3531 esse?
1062 3464 1142 3543 Quis

188 3577 331 3621 oro.11.1.
635 3624 637 3628 Α
894 3573 929 3625 aa
