2564 3876
432 174 510 229 OAP.
531 182 554 244 1,
573 182 589 230 a
609 181 624 242 s
644 183 739 231 e-10.
1065 177 1086 241 3

94 313 195 379 aetatis
205 313 353 381 homines
364 317 609 402 disertissimos,
621 319 828 404 fortissimos,
841 320 1090 385 florentissimos

90 405 206 467 nostrae
228 403 389 490 civitatis,
421 407 477 491 qui
500 407 662 473 communi
684 409 792 474 studio
815 409 950 474 summis
972 409 1089 492 opibus

90 485 150 554 Sen
166 488 324 558 Naevium
345 494 534 580 defendunt,
553 496 582 560 si
599 496 633 560 id
651 500 702 560 est
720 496 897 581 defendere,
919 497 1090 582 cupiditati

89 577 208 678 elterius
224 580 466 668 obtemperare,
485 605 548 669 qno
562 584 591 648 is
604 584 742 668 facilius,
760 607 857 670 quem
869 585 959 668 velit,
976 585 1087 670 iniquo

68 665 190 732 ⁵1nd1cio
212 670 402 754 opprimere
424 672 538 756 possit.
577 669 665 738 Nem
688 673 766 757 quid
787 674 850 739 hoc
870 672 1013 758 iniquius
1032 677 1124 739 auce

88 754 248 842 indignius,
285 756 321 824 0.
352 759 480 844 Aquili,
514 760 577 825 dici
606 764 663 826 aut
694 762 940 826 commemorari
969 765 1089 847 potest,

89 863 171 925 qnam
191 867 252 930 me,
275 847 336 931 qui
359 852 459 932 caput
482 848 630 933 alterius,
655 848 778 914 famam
800 849 1012 933 fortunasque
1036 850 1089 914 de-

87 930 214 1018 lendam,
239 934 354 1020 priore
382 936 456 1002 loco
483 958 615 1002 causam
642 937 769 1002 dicere?
799 959 872 1002 cnm
896 937 1089 1022 praesertim

87 1015 116 1092 Q.
135 1018 346 1107 Hortensius,
375 1023 432 1108 qui
457 1025 493 1089 io
519 1025 581 1089 hoc
607 1025 724 1092 iudicio
751 1028 863 1110 partes
891 1025 1089 1090 accusatoris

58 1107 213 1195 subticet,
236 1115 356 1176 contra
379 1133 432 1176 me
455 1112 499 1177 sit
522 1112 679 1198 dicturus,
704 1113 755 1179 cui
778 1135 940 1178 summam
962 1112 1089 1198 copiam

85 1193 329 1285 facultatemque
355 1199 483 1266 dicendi
504 1204 622 1266 natura
644 1202 767 1287 largita
790 1204 848 1266 est.
893 1202 947 1267 Ita
973 1201 1026 1284 fit,
1051 1204 1090 1265 ut

86 1298 149 1369 cgo',
175 1287 230 1371 qui
252 1289 325 1354 tela
351 1288 513 1373 depellere
535 1293 569 1354 et
590 1290 777 1355 vulneribus
801 1289 923 1355 mederi
945 1289 1088 1374 debeam,
1138 1323 1139 1330 κ
1203 1334 1206 1340 -

85 1373 145 1436 tum
168 1374 201 1439 id
226 1375 341 1442 fucere
373 1397 484 1462 cogar,
515 1399 589 1442 cum
624 1378 723 1443 etiam
751 1377 853 1442 telum
885 1377 1088 1443 adversarius

85 1461 198 1528 nullum
215 1464 345 1548 iecerit,
363 1464 430 1528 illis
447 1468 556 1530 autem
569 1465 604 1528 id
617 1469 746 1551 tempus
759 1464 972 1551 impugnandi
986 1466 1089 1550 detur,

58 1563 148 1613 tcum
161 1555 194 1617 et
205 1553 340 1618 vitandi
353 1552 484 1617 illorum
497 1552 638 1638 impetus
657 1557 804 1648 potestas
823 1555 976 1639 adempta
993 1554 1088 1619 nobis

86 1637 191 1724 enitet,
208 1640 238 1706 si
257 1651 327 1726 q'ua
345 1641 381 1705 in
398 1663 442 1725 re,
459 1641 493 1705 id
511 1641 597 1725 quod
615 1641 723 1726 parati
741 1645 817 1707 sunt
834 1642 949 1726 facere,
967 1640 1088 1707 falsum

86 1726 194 1792 crimen
216 1729 316 1813 quasi
339 1734 533 1795 venenatum
553 1729 685 1814 aliquod
703 1731 807 1795 telum
824 1729 967 1812 iecerint,
990 1729 1089 1793 medi-

86 1813 164 1880 cinae
189 1816 362 1884 leniendae
389 1816 479 1883 locus
505 1838 572 1883 non
599 1817 670 1883 erit.
713 1817 752 1883 ld
780 1817 896 1883 accidit
926 1816 1123 1901 praetorisc

85 1900 246 1988 iniquitate
274 1908 313 1970 et
344 1905 475 1989 iniuria,
505 1906 648 1990 primum
680 1906 766 1989 quod
798 1910 912 1970 contra
944 1904 1089 1969 omnium

56 1994 343 2058 ²⁰consuctudinem
370 1993 523 2058 iudicium
552 1993 643 2078 prius
666 1994 704 2058 de
727 1994 848 2078 probro
872 2015 969 2077 qnam
992 1992 1031 2057 de
1053 2012 1089 2056 re

86 2080 190 2146 meluit
211 2082 296 2165 fieri,
320 2081 433 2146 deinde
456 2081 542 2166 quod
564 2082 612 2146 ita
634 2081 805 2147 constituit
827 2081 860 2145 id
882 2081 991 2165 ipsum
1009 2079 1088 2145 iudi-

85 2167 168 2253 cium,
189 2173 228 2235 ut
251 2191 339 2254 reus,
362 2173 536 2254 antequam
558 2170 694 2236 verbum
716 2170 912 2236 accusatoris
936 2169 1089 2251 audisset,

85 2276 204 2323 cansam
232 2258 343 2323 dicere
369 2261 547 2344 cogeretur.
592 2257 685 2333 Quod
712 2279 824 2323 eornm
848 2258 955 2344 gnatia
978 2261 1010 2322 et
1033 2279 1088 2341 po·

85 2345 179 2410 tentia
196 2347 323 2412 factum
340 2350 400 2431 est,
423 2346 487 2430 qni,
505 2346 599 2430 quasi
617 2367 676 2410 sua
694 2367 746 2411 res
764 2349 821 2410 ant
839 2347 942 2411 honos
962 2349 1088 2432 agatur,

55 2429 127 2496 nita
151 2434 329 2521 diligenter
351 2431 421 2498 Sex.
443 2432 549 2499 Naevi
576 2434 684 2499 studio
714 2436 748 2498 et
770 2434 942 2518 cupiditati
963 2456 1088 2499 morem

86 2526 194 2604 gerunt
220 2526 257 2587 et
283 2522 319 2586 in
346 2522 414 2587 eins
442 2522 530 2588 modi
552 2523 648 2587 rebus
673 2543 750 2607 opes
774 2543 848 2586 suas
873 2522 1088 2606 experiuntur,

85 2607 115 2671 in
139 2611 272 2694 quibus,
300 2632 364 2694 quo
385 2611 460 2695 plus
483 2613 618 2695 propter
640 2610 795 2675 virtutem
817 2611 1088 2693 nobilitatemque

86 2704 225 2782 possunt,
248 2719 287 2763 eo
306 2697 421 2782 minus,
443 2702 601 2782 quantum
618 2698 755 2782 possint,
774 2697 892 2763 debent
910 2698 1087 2763 ostendere.

165 2785 250 2851 (lum
277 2788 329 2850 tot
354 2786 520 2872 tantisque
547 2786 794 2851 difficultatibus
824 2787 958 2851 affectus
991 2789 1087 2869 atque
1110 2789 1141 2839 10

56 2871 219 2940 ”afflictus
243 2874 278 2938 in
301 2877 401 2959 tuam,
425 2872 461 2940 Ο.
483 2874 606 2958 Aquili,
628 2874 734 2957 fidem,
756 2874 941 2956 veritatem,
963 2869 1089 2937 miseri-

87 2961 221 3027 cordiam
239 2960 276 3026 P.
295 2960 463 3037 Quinctius
481 2962 674 3048 confugerit,
692 2984 765 3028 cum
785 2963 888 3027 adhuc
905 2961 937 3026 ei
954 2962 1089 3045 propter

86 3048 146 3114 vim
167 3049 428 3117 adversariorum
450 3072 517 3115 non
539 3049 590 3114 ius
611 3073 686 3135 par,
711 3073 778 3115 non
800 3047 918 3136 agendi
941 3050 1088 3132 potestas

88 3137 199 3224 eadem,
222 3160 290 3203 non
308 3138 521 3224 magistratus
540 3160 660 3223 aequus
683 3137 819 3223 reperiri
840 3136 994 3221 potuerit,
1016 3157 1089 3200 cum

87 3225 113 3287 ei
130 3247 291 3292 summam
309 3247 366 3310 per
388 3226 540 3290 iniuriam
563 3226 673 3291 omnia
694 3225 826 3290 inimica
849 3226 947 3306 atque
970 3223 1089 3287 infesta

56 3310 210 3399 afuerint,
232 3319 276 3398 te,
300 3311 334 3378 O.
356 3312 483 3399 Aquili,
505 3336 641 3398 vosque,
665 3313 720 3398 qui
743 3313 778 3377 in
800 3310 935 3377 consilio
960 3311 1089 3393 adestis,

88 3407 153 3466 oret
174 3406 274 3488 atque
297 3402 454 3486 obsecrat,
476 3406 514 3466 ut
536 3401 649 3465 multis
672 3399 799 3464 iniuriis
817 3399 973 3464 iactatum
992 3402 1089 3483 atque

88 3490 241 3574 aptatam
264 3489 462 3574 aequitatem
483 3489 518 3554 in
541 3489 602 3554 hoc
621 3487 752 3552 tandem
770 3486 842 3551 loco
861 3489 1037 3553 consistere
1056 3489 1090 3552 et

842 3588 877 3641 12
