2564 3876
202 194 246 258 92
396 190 467 245 PRO
486 189 517 256 O.
531 188 661 245 ROSCIO
681 185 855 244 COMOEDO
874 185 1020 243 ORATIO.

202 337 292 422 licet,
321 357 356 401 re
383 339 416 400 et
442 335 581 401 veritate
604 333 798 399 mediocrem
821 335 855 398 et
877 335 1009 397 tenuem
1032 351 1101 396 esse
1122 329 1210 394 inve

201 424 308 490 nietis.
349 423 485 509 Accepit
512 423 599 488 enim
622 443 738 508 agrum
760 420 963 506 temporibus
986 419 1041 504 iis,
1068 418 1209 484 onmia

202 516 312 578 cenent
325 512 432 598 pretia
445 511 665 597 praediorum,
684 509 740 594 qui
754 530 833 596 ager
845 531 950 593 neque
963 509 1078 574 villam
1093 505 1211 572 habuit

202 623 306 686 neque
325 623 364 666 ex
382 601 451 666 ulla
468 604 561 685 parte
578 599 643 664 fuit
660 599 781 682 cultus,
805 597 861 682 qui
879 619 965 663 nunc
982 596 1087 662 multo
1105 594 1211 679 pluris

204 693 263 773 est,
286 711 383 774 quam
401 692 479 754 tunc
496 688 568 753 fuit.
603 686 717 772 Neque
735 686 769 751 id
787 690 839 752 est
856 686 984 751 mirum.
1020 682 1238 750 Tumenim⁵

202 782 337 863 propter
354 777 403 842 rei
420 777 570 862 publicae
593 774 798 841 calamitates
821 774 965 840 omnium
987 771 1212 858 possessiones

204 870 297 932 erant
324 866 479 950 incertae,
510 886 596 930 nunc
624 865 719 928 deum
744 862 982 927 immortalium
1007 859 1212 946 benignitate

204 954 348 1020 omnium
365 954 516 1019 fortunae
537 955 613 1018 sunt
636 955 756 1035 certae,
779 954 851 1016 tum
874 954 945 1016 erat
968 970 1047 1036 ager
1069 948 1212 1014 incultus

204 1044 274 1108 sine
305 1046 406 1126 teoto,
437 1063 523 1106 nunc
554 1044 605 1106 est
636 1039 835 1105 cultissimus
868 1060 942 1105 curn
969 1037 1097 1122 optima
1123 1035 1213 1101 villa

151 1142 185 1192 84
203 1130 459 1214 Verumtamen,
477 1129 631 1215 quoniam
643 1131 762 1194 natura
775 1131 845 1192 tam
863 1126 1037 1192 malivolus
1061 1147 1106 1210 es,
1122 1141 1252 1190 num-1⁰

203 1242 301 1304 quam
333 1219 399 1283 ista
429 1221 463 1284 te
494 1216 646 1283 molestia
673 1220 706 1282 et
733 1237 811 1281 cura
837 1215 993 1280 liberabo.
1042 1213 1215 1278 Praeclare

204 1329 299 1372 suurn
324 1305 494 1391 negotium
520 1305 624 1391 gessit
650 1304 802 1388 Roscius,
832 1303 969 1368 fundum
995 1300 1216 1368 fructuosissi-

203 1417 292 1459 mum
320 1394 471 1476 abstulit3
498 1393 576 1477 quid
598 1393 640 1458 ad
662 1393 718 1458 te‘l
758 1391 862 1457 Tuam
884 1394 1012 1476 partem
1037 1389 1215 1472 dimidiam,

205 1505 300 1567 quem
324 1482 365 1547 ad
388 1481 520 1546 modum
542 1481 606 1566 vis,
629 1480 745 1547 decide.
786 1478 897 1545 Vertit
918 1479 972 1544 bio
994 1477 1159 1543 rationem
1182 1480 1215 1542 et

203 1571 245 1655 id,
264 1571 350 1654 quod
365 1570 505 1654 probare
522 1591 591 1635 non
608 1572 727 1653 potest,
745 1568 868 1654 fingere
886 1570 1032 1634 conatur.
1061 1565 1125 1632 ‘De
1142 1569 1215 1631 tota
1229 1582 1253 1622 1⁵

202 1658 264 1743 re',
286 1658 407 1742 inquit,
431 1657 617 1722 ‘decidisti’.
937 1709 941 1718 .

268 1747 359 1833 Ergo
377 1747 440 1812 huo
458 1747 609 1811 miserae
627 1760 733 1811 causa
743 1743 919 1828 deducitur,
941 1747 1053 1808 utrum
1076 1741 1215 1808 Roscius

203 1858 276 1903 cum
298 1835 413 1900 Flavio
439 1835 478 1899 de
500 1856 560 1900 sua
581 1837 676 1919 parte
698 1855 741 1898 an
763 1833 803 1898 de
825 1837 898 1898 tota
919 1832 1078 1897 societate
1099 1831 1216 1896 fecerit

150 1936 184 1986 so
203 1925 397 2011 pactionem
436 1921 523 1989 Nam
545 1943 605 2008 ego
628 1922 796 2006 Roscium,
819 1921 847 1986 si
870 1920 947 2005 quid
970 1920 1139 1986 communi
1159 1941 1216 1984 no-

203 2013 290 2079 mine
318 2011 443 2098 tetigit,
470 2011 626 2077 confiteor
652 2014 819 2095 praestare
845 2009 963 2074 debere
987 2007 1149 2074 societati.
1175 2044 1213 2054 -
1229 2025 1254 2064 ²0

204 2101 389 2184 Societatis,
424 2121 490 2165 non
521 2121 596 2164 suas
629 2099 704 2163 lites
736 2097 886 2182 redemit,
918 2113 991 2163 cnm
1023 2096 1163 2162 fundum
1195 2119 1217 2160 a

202 2189 317 2254 Flavio
347 2187 478 2274 accepit.
507 2223 549 2234 —-
577 2186 661 2263 Quid
687 2187 736 2253 ita
762 2187 843 2253 satis
869 2206 937 2252 non
959 2185 1049 2252 dedit
1071 2184 1216 2270 amplius

204 2279 237 2358 [a
256 2279 304 2358 se]
322 2277 485 2341 nominem
502 2275 704 2361 petiturum?
728 2275 803 2352 *Oui
825 2276 865 2341 de
886 2296 945 2341 sua
966 2277 1061 2359 parte
1086 2273 1217 2356 decidit,

204 2365 337 2448 reliquis
363 2365 529 2450 integram
556 2363 711 2448 relinquit
738 2365 912 2448 actionem,
944 2363 1000 2447 qni
1026 2384 1088 2447 pro
1116 2361 1217 2427 sociis

203 2453 367 2538 transigit,
391 2453 470 2518 satis
489 2452 546 2517 dat
565 2452 726 2516 neminem
750 2473 861 2518 eorum
883 2455 999 2536 postea
1021 2450 1216 2534 petiturum.
1231 2468 1255 2508 a

204 2540 288 2617 Quid
318 2541 367 2605 ita
393 2539 508 2606 Flavio
540 2540 604 2605 sibi
633 2561 746 2606 cavere
774 2561 841 2606 non
867 2539 1018 2604 venitin
1045 2539 1216 2604 mentem?

202 2628 368 2694 nesciebat
385 2629 536 2694 uidelicet
549 2629 738 2715 Panurgum
755 2629 856 2694 fuisse
873 2627 909 2692 in
926 2627 1092 2694 societate.
1128 2624 1216 2692 Scia

202 2718 270 2782 bat.
324 2716 501 2783 Nesciebat
535 2715 695 2782 Fannium
730 2716 848 2783 Roscio
887 2737 958 2782 esse
995 2714 1127 2782 socium.
1169 2751 1215 2760 -

202 2805 387 2889 Praeclare,
414 2827 490 2871 nam
514 2805 579 2870 iste
602 2827 675 2871 cum
698 2827 736 2870 eo
759 2806 851 2870 litem
875 2807 1092 2871 contestatam
1114 2803 1215 2868 habe

150 2906 184 2957 se
204 2895 270 2959 bat.
310 2893 377 2960 Cur
402 2893 506 2979 igitur
531 2893 649 2959 decidit
671 2897 705 2958 et
725 2913 792 2958 non
813 2894 1028 2978 restipulatur
1048 2892 1214 2957 neminem
1228 2909 1255 2950 so

203 2982 343 3067 amplius
371 2982 571 3066 petiturum?
603 3003 661 3048 cur
684 2981 725 3046 de
751 2981 851 3046 fundo
879 2981 1005 3046 decedit
1031 2984 1065 3046 et
1093 2980 1214 3046 iudicio

203 3093 269 3136 non
297 3070 501 3136 absolvitur?
533 3091 590 3136 cnr
616 3074 686 3134 tam
713 3070 863 3156 imperite
887 3069 979 3154 facit,
1007 3072 1043 3133 ut
1066 3090 1127 3134 nec
1149 3067 1214 3134 Ro·

203 3158 305 3224 scium
333 3158 545 3242 stipulatione
574 3157 689 3244 alliget
715 3179 819 3242 neque
842 3181 862 3224 a
883 3157 1009 3223 Fannio
1033 3157 1154 3223 iudicio
1177 3178 1214 3221 se
1274 3231 1275 3234 Ἴ

151 3259 183 3306 ³⁷
204 3246 376 3312 absolvat?
412 3245 477 3312 Est
499 3245 562 3312 hoc
584 3247 726 3331 primum
748 3250 782 3311 et
804 3268 843 3311 ex
865 3245 1052 3313 condicione
1074 3245 1156 3312 iuris
1179 3250 1213 3310 et
1274 3241 1275 3300 l

203 3356 243 3398 er
261 3335 491 3399 consuetudine
509 3334 668 3400 cautionis
686 3334 909 3400 firmissimum
927 3339 961 3400 et
981 3334 1213 3421 gravissimum
1228 3351 1254 3392 ⁸⁵

204 3426 440 3512 argumentum,
459 3422 546 3507 quod
564 3443 625 3508 ego
643 3423 793 3507 pluribus
810 3422 919 3490 verbis
934 3424 1162 3509 amplecterer,
1184 3422 1214 3487 si

202 3527 269 3571 uon
278 3509 344 3573 alia
353 3510 492 3575 certiora
502 3514 535 3575 et
545 3510 683 3576 clariora
691 3511 880 3577 testimonia
888 3513 923 3576 in
936 3511 1213 3579 causababerem.
