2590 3884
378 218 444 274 ΜΒ.
463 219 476 272 1
509 217 587 275 cAP.
606 225 712 274 rr-rc
731 226 746 286 s
765 226 878 275 oc-rr.
1072 219 1136 286 167

117 365 184 430 sius
199 363 284 450 (quo
299 363 428 449 quidem
441 367 588 449 tempore
602 364 689 450 signi
699 364 779 430 satis
795 364 891 450 dedit,
906 364 934 430 si
949 365 1027 450 quid
1041 369 1136 450 esset,

118 454 204 538 quod
224 457 341 538 posset
360 453 472 536 dicere,
496 474 530 517 sa
548 457 657 518 tacere
674 474 740 519 non
757 475 868 538 posse,
890 457 937 538 ut,
960 476 1058 539 quam
1082 454 1136 520 diu

117 543 223 608 tacuit
246 542 283 607 in
305 542 421 608 ceteris
442 541 597 626 testibus,
619 541 702 607 scire
725 564 836 608 omnes
860 564 1029 628 possemus
1052 542 1135 607 nihil

116 631 286 714 habuisse,
305 630 392 716 quod
410 627 545 717 diceret)
564 666 607 678 -
625 631 687 696 hoc
704 634 776 695 tum
795 631 885 715 dixit,
906 630 1136 697 Philodamum

92 723 150 784 set
173 719 284 784 filium
303 719 371 785 eius
390 741 410 783 a
428 718 462 784 0.
480 717 611 784 Nerone
629 740 699 784 esse
718 719 898 784 damnatos.
933 719 984 784 De
1008 741 1071 804 quo
1094 741 1136 784 ne
1154 733 1189 784 '12

117 809 228 874 multa
241 807 409 892 disseram,
430 811 558 873 tantum
575 807 655 891 dico,
674 811 820 873 secutum
834 806 867 871 id
882 828 952 872 esse
972 805 1135 873 Neronem

117 900 151 962 at
181 897 252 962 eius
280 896 466 962 consilium:
495 896 580 980 quod
603 894 791 961 Cornelium
817 895 966 962 lictorem
994 896 1135 962 occisum

118 1007 192 1050 esse
216 988 397 1068 constaret,
419 987 552 1069 putasse
574 1005 641 1049 non
663 987 813 1068 oportere
837 1005 907 1064 esse
925 983 1076 1067 cuiquam
1092 1006 1135 1049 ne

117 1074 154 1138 in
167 1073 355 1140 ulciscenda
368 1073 497 1158 quidem
513 1072 632 1137 iniuria
649 1073 791 1137 hominis
811 1072 975 1138 occidendi
992 1074 1136 1155 potesta·

81 1180 106 1220 ιο
119 1166 203 1246 tem3
227 1161 262 1226 in
285 1183 349 1246 quo
372 1160 465 1226 video
488 1159 629 1225 Neronis
651 1160 770 1226 iudicio
792 1182 860 1226 non
885 1165 919 1225 tc
947 1160 1135 1225 absolutum

119 1272 193 1316 esse
216 1250 452 1336 improbitatis,
476 1249 532 1314 sed
554 1249 630 1316 illos
654 1249 826 1316 damnatos
850 1270 920 1314 esse
943 1249 1058 1314 caedis.

187 1338 313 1405 Verum
344 1338 410 1404 ista
442 1337 608 1403 damnatio
640 1342 752 1403 tamen
784 1338 874 1404 ouius
906 1337 995 1403 modi
1025 1337 1134 1423 fuerit,

120 1427 245 1511 audite,
274 1447 408 1512 quaeso,
434 1426 569 1511 iudices,
596 1429 630 1491 et
658 1426 831 1511 aliquando
860 1425 1058 1492 miseremini
1085 1449 1133 1492 so·

121 1517 246 1582 ciorum
266 1519 299 1580 et
318 1515 479 1580 ostendite
498 1514 622 1598 aliquid
642 1515 682 1580 iis
705 1514 741 1579 in
763 1518 873 1580 vestra
894 1515 958 1580 fide
980 1515 1135 1599 praesidii

83 1623 108 1663 rs
121 1626 193 1670 esse
212 1607 373 1688 oportere.
410 1602 503 1680 Quod
520 1603 585 1668 toti
602 1602 702 1669 Asiae
721 1603 792 1668 iure
815 1603 939 1668 occisus
961 1604 1187 1675 ridebatur29

121 1693 219 1759 istius
236 1692 295 1757 ille
312 1692 413 1758 verbo
433 1691 538 1776 lictor,
555 1714 591 1757 re
609 1711 686 1757 vera
704 1691 854 1756 minister
871 1691 1134 1775 improbissimae

121 1779 324 1867 cupiditatis,
360 1780 530 1866 pertimuit
565 1780 642 1864 istc,
677 1801 718 1845 ne
749 1778 961 1844 Philodamus
993 1779 1133 1845 Neronis

120 1870 240 1936 iudicio
269 1868 478 1954 liberaretur,
505 1872 604 1954 rogat
630 1872 663 1934 et
691 1873 763 1933 orat
786 1867 1007 1949 Dolabellam,
1034 1871 1072 1932 ut
1096 1868 1133 1932 de
1175 1877 1181 1887 '

122 1981 181 2024 sua
208 1957 377 2043 provincia
404 1957 551 2041 decedat,
579 1957 620 2022 ad
642 1955 806 2022 Neronem
833 1956 1071 2040 proficiscatur3
1099 1977 1134 2021 se

84 2065 109 2106 a
122 2049 327 2113 demonstrat
351 2045 547 2112 incolumem
571 2067 641 2110 esse
664 2066 730 2111 non
751 2065 861 2130 posse,
889 2044 918 2108 si
939 2043 1133 2110 Philodamo

120 2136 231 2203 vivere
249 2138 348 2219 atque
366 2134 540 2218 aliquando
559 2133 698 2199 Romam
715 2133 828 2198 venire
849 2131 1004 2198 licuisset.
1041 2131 1134 2200 Gom·
1153 2145 1186 2196 ⁷8
1287 2163 1288 2204 r

99 2228 231 2290 'motus
260 2227 311 2288 est
334 2223 522 2307 Dolabella3
548 2222 639 2306 fecit,
664 2222 700 2286 id
728 2222 813 2307 quod
840 2221 938 2286 multi
962 2221 1133 2307 reprehen·
1286 2221 1288 2244 ¹

122 2313 252 2395 derunt,
279 2314 317 2376 ut
339 2311 528 2395 exercitum,
553 2309 767 2395 provinciam,
790 2310 913 2376 bellum
936 2309 1134 2395 relinqueret

122 2402 209 2467 etin
223 2399 339 2466 Asiam
356 2399 499 2466 hominis
517 2399 708 2483 nequissimi
726 2415 824 2464 causa
841 2399 877 2463 in
898 2398 1038 2464 alienam
1061 2423 1134 2485 pro·

82 2507 108 2550 rs
122 2489 264 2556 vinciam
277 2488 544 2574 proficisceretur.
567 2488 784 2571 Posteaquam
799 2487 840 2552 ad
854 2487 1019 2554 Neronem
1035 2489 1134 2572 venit,

121 2577 290 2644 contendit
322 2577 363 2642 ab
391 2598 443 2660 eo,
474 2579 513 2641 ut
538 2574 725 2641 Philodami
756 2597 887 2641 causam
915 2580 1134 2662 cognosceret.

121 2665 267 2732 Venerat
288 2665 372 2750 ipse,
399 2664 455 2750 qui
478 2667 565 2731 esset
586 2663 622 2728 in
642 2663 779 2729 consilio
803 2668 836 2729 et
857 2664 984 2750 primus
1007 2669 1134 2730 senten-

123 2755 205 2820 tiam
234 2754 368 2838 diceret3
395 2752 573 2818 adduxerat
599 2752 699 2817 etiam
721 2753 904 2837 praefectos
927 2757 961 2818 et
983 2753 1134 2818 tribunos

123 2843 283 2908 militares
303 2863 388 2924 suos,
411 2863 492 2926 quos
511 2839 599 2907 Nero
618 2862 729 2905 omnes
747 2841 782 2906 in
800 2841 972 2907 consilium
990 2841 1134 2924 vocavit,

82 2948 110 2990 ιο
123 2936 194 2997 erat
211 2931 246 2996 in
269 2929 406 2997 oonsilio
430 2929 530 2996 etiam
553 2929 777 3014 aequissumus
799 2929 896 2995 iudex
917 2928 989 3012 ipsc
1005 2928 1134 3011 Verres,
1168 3001 1180 3014 Ι,

123 3023 217 3086 crant
243 3041 311 3085 non
336 3019 421 3084 nulli
444 3017 554 3104 togati
576 3019 754 3084 creditores
777 3016 989 3100 Graecorum,
1017 3016 1133 3100 quibus

122 3109 164 3175 ad
196 3107 372 3195 exigendas
403 3106 556 3192 pecunias
585 3106 821 3190 improbissimi
850 3105 1004 3188 cuiusque
1032 3105 1135 3190 legati

122 3197 301 3282 plurimum
319 3195 453 3280 prodest
471 3195 588 3282 gratia.
623 3195 685 3260 Ille
703 3194 802 3260 miser
821 3191 1022 3258 defensorem
1044 3213 1133 3277 repe
1152 3203 1188 3254 '14

122 3285 188 3351 rire
214 3284 379 3350 neminem
406 3288 551 3370 poterat,
579 3283 651 3368 quis
679 3283 767 3348 enim
794 3284 880 3346 esset
909 3285 965 3346 aut
990 3284 1135 3367 togatus,

82 3389 109 3431 ω
123 3373 180 3459 qui
198 3372 393 3439 Dolabellae
412 3373 529 3459 gratia,
552 3376 609 3437 aut
627 3371 779 3454 Graecus,
802 3369 857 3454 qui
881 3369 1023 3435 eiusdem
1045 3369 1079 3435 vi
1103 3373 1135 3434 et

122 3462 262 3548 imperio
289 3483 356 3528 non
377 3461 584 3528 moveretur?
626 3460 805 3525 Accusator
828 3461 937 3524 autem
961 3458 1136 3545 apponitur

123 3550 204 3617 aivis
233 3549 400 3616 Romanus
429 3550 468 3615 de
498 3548 712 3616 creditoribus
739 3546 1048 3632 Lampsacenorum,
1081 3548 1137 3632 qui
