2604 3880
412 139 480 194 LIB.
501 140 513 194 1
551 139 628 199 CAP.
648 145 735 194 e-11
755 145 769 205 s
789 145 902 196 no-ar.
1100 139 1162 206 151

158 307 230 351 oum
248 305 307 369 per
326 305 381 350 eos
401 283 491 368 ipsos
515 283 591 368 dies,
613 304 673 368 per
695 305 776 368 quos
798 305 930 348 causam
947 282 1011 349 Dio
1035 283 1164 370 diceret,

157 374 355 459 reperiretur
385 371 537 456 pecunias
568 371 744 456 sumpsisse
771 375 915 456 mutuas,
946 371 1079 436 nomina
1106 394 1165 438 sua

158 461 317 548 exegisse,
353 458 485 544 praedia
520 459 715 544 vendidisse,
751 481 824 524 cum
857 459 989 524 tabulae
1021 459 1165 526 virorum

157 549 317 614 bonorum
344 547 581 632 proferrentur,
609 569 695 630 oum,
723 547 779 631 qui
800 547 970 630 pecuniam
991 546 1092 612 Dioni
1114 547 1166 613 de·

129 637 284 720 oderunt,
302 636 445 700 dicerent
465 635 584 700 seiam
602 640 672 699 tum
691 635 818 699 audisse
837 657 874 700 eo
897 657 1047 700 nummos
1072 636 1165 720 sumi,

156 729 195 789 ut
209 723 306 788 Verri
324 724 486 806 darentur,
505 744 577 788 cum
596 722 701 806 amici,
719 722 875 806 hospites,
893 723 1022 806 patroni
1039 722 1165 808 Dionis,

157 812 305 877 homines
323 809 554 894 honestissimi,
577 808 658 874 haec
676 809 787 874 eadem
806 831 840 874 se
862 809 989 874 audisse
1009 809 1164 876 dicerent:
1212 801 1219 816 ⁸

157 901 286 984 opinor,
319 921 392 964 eum
424 899 504 963 haec
533 899 662 982 fierent,
693 901 764 962 turn
795 919 853 962 vos
882 897 1050 981 audiretis,
1081 899 1165 963 sieut
1183 911 1217 960 aa

158 987 304 1070 audistis,
326 991 398 1050 tum
417 1007 515 1051 causa
533 986 588 1071 agi
606 1007 681 1051 vere
699 985 870 1050 videretur.
903 983 955 1050 Sic
974 1006 994 1049 a
1013 1006 1065 1049 me
1089 991 1166 1050 sunt

117 1093 145 1134 ιο
160 1079 233 1140 acta
256 1074 365 1139 omnia
387 1073 495 1158 priore
519 1074 658 1157 actione,
686 1076 723 1137 ut
745 1073 780 1137 in
802 1072 991 1138 criminibus
1014 1073 1165 1138 omnibus

158 1163 285 1228 nullum
316 1165 414 1245 esset,
443 1162 477 1224 in
506 1182 570 1244 quo
601 1161 771 1246 quisquam
801 1165 946 1226 vestrum
974 1164 1165 1246 perpetuam

159 1250 396 1316 accusationem
415 1249 602 1332 requireret.
637 1247 731 1335 Nego
751 1269 822 1314 esse
845 1249 1018 1334 quiequam
1037 1271 1056 1314 a
1073 1249 1166 1314 testi-

157 1339 219 1403 bus
234 1338 364 1421 dictum,
384 1337 469 1421 quod
484 1340 541 1400 aut
554 1339 701 1402 vestrum
719 1337 869 1420 cuiquam
889 1340 974 1402 esset
993 1336 1165 1402 obscurum
1185 1383 1188 1386 -

158 1429 215 1491 aut
230 1427 418 1508 cuiusquam
433 1424 572 1489 oratoris
587 1425 806 1508 eloquentiam
825 1428 1002 1508 quaereret.
1033 1425 1165 1490 Etenim
1175 1422 1216 1487 11

118 1530 144 1574 ro
159 1515 205 1578 sio
232 1535 284 1578 me
307 1514 415 1595 ipsum
442 1512 549 1598 egisse
571 1511 729 1577 memoria
750 1513 882 1595 tenetis,
909 1515 945 1577 ut
967 1512 1003 1576 in
1023 1514 1165 1578 testibus

157 1600 397 1686 interrogandis
413 1600 522 1665 omnia
536 1599 672 1663 crimina
685 1621 899 1683 proponerem
914 1603 947 1664 et
961 1600 1165 1685 explicarem,

157 1693 204 1773 ut,
227 1711 300 1756 oum
318 1709 387 1752 rem
405 1690 511 1751 totam
533 1687 569 1751 in
591 1687 697 1750 medio
720 1687 911 1771 posuissem,
933 1690 1005 1750 tum
1028 1687 1166 1771 denique

157 1780 276 1841 testem
289 1776 535 1861 interrogarem.
566 1773 681 1857 Itaque
694 1795 761 1838 non
777 1772 872 1838 modo
890 1795 959 1855 voe,
977 1775 1094 1857 quibus
1115 1779 1166 1839 est

157 1865 372 1947 iudicandum,
394 1867 508 1928 nostra
527 1861 663 1926 crimina
680 1861 808 1945 tenetis,
832 1861 888 1925 sed
906 1861 1006 1924 etiam
1024 1862 1165 1946 populus

117 1971 145 2013 ao
158 1953 326 2018 Romanus
348 1953 454 2015 totam
478 1950 717 2016 accusationem
739 1969 933 2032 causamque
955 1950 1119 2034 cognovit.

224 2039 370 2105 Tametsi
392 2039 441 2103 ita
463 2038 502 2103 de
525 2059 597 2102 meo
619 2037 707 2102 facto
730 2037 860 2120 loquor,
883 2037 976 2120 quasi
999 2057 1060 2122 ego
1083 2037 1165 2102 illud

158 2151 232 2194 mee
262 2128 430 2193 voluntate
460 2126 570 2210 potius
601 2147 698 2209 quam
728 2129 837 2189 vestra
863 2123 982 2188 iniuria
1009 2124 1165 2190 adductus

157 2216 298 2281 fecerim.
346 2213 593 2297 Interposuistis
626 2217 859 2296 accusatorem,
896 2212 964 2296 qui,
998 2234 1072 2278 cum
1104 2234 1165 2300 ego
1184 2223 1219 2276 30

160 2303 241 2368 mihi
265 2319 285 2367 o
308 2305 342 2366 et
364 2320 389 2366 x
412 2301 479 2365 dies
504 2301 592 2366 solos
614 2301 649 2365 in
673 2299 817 2366 Siciliam
839 2300 1066 2385 postulassem,
1090 2319 1110 2367 c
1133 2305 1166 2366 et

118 2408 145 2450 aa
159 2409 222 2456 v111
255 2390 318 2454 sibi
344 2389 380 2454 in
406 2387 566 2453 Achaiam
595 2389 786 2471 postularet.
834 2387 961 2453 Menses
989 2389 1071 2454 mihi
1097 2393 1165 2454 tres

159 2501 232 2544 oum
254 2477 454 2561 eripuissetis
479 2477 520 2542 ed
542 2476 702 2561 agendum
726 2475 865 2541 maxime
888 2477 1071 2562 appositos,
1093 2478 1167 2542 reli-

160 2589 258 2650 quum
277 2586 371 2630 omne
392 2569 521 2648 tempus
544 2563 641 2628 huius
664 2563 741 2628 anni
763 2586 815 2628 me
836 2563 930 2629 vobis
953 2565 1166 2630 remissurum

158 2653 313 2737 putastis,
340 2656 391 2736 ut,
418 2674 492 2716 oum
517 2651 608 2716 horis
635 2651 758 2715 nostris
785 2672 845 2716 nos
871 2673 1014 2717 essemus
1037 2652 1101 2736 usi,
1128 2657 1166 2716 tu

159 2741 245 2806 binis
262 2740 348 2805 ludis
367 2739 569 2825 interpositis
593 2739 840 2825 quadragesimo
863 2743 941 2824 post
963 2741 1013 2805 die
1035 2761 1166 2824 respon·

120 2846 147 2888 so
160 2829 261 2912 deres,
283 2828 397 2892 deinde
415 2827 463 2891 ita
480 2831 610 2910 tempus
630 2826 806 2911 duceretur,
829 2831 866 2891 ut
885 2849 903 2892 a
923 2827 975 2891 Μ’.
989 2827 1166 2892 Glabrione

158 2920 309 3002 praetore
337 2919 370 2980 et
397 2937 417 2980 a
443 2936 563 3000 magna
589 2918 683 3000 parte
709 2914 826 2979 horum
848 2913 990 2978 iudicum
1013 2915 1054 2979 ad
1076 2937 1167 2998 prae-

159 3009 264 3070 torem
303 3003 414 3069 alium.
441 3002 625 3087 iudicesque
664 3001 745 3068 alios
782 3002 974 3067 veniremus.
1030 3000 1101 3066 Hoc
1138 3001 1167 3067 si
1184 3012 1218 3062 81

160 3113 221 3178 ego
248 3113 315 3156 non
341 3091 508 3175 vidissem,
536 3090 564 3155 si
591 3111 642 3154 me
668 3111 736 3155 non
762 3110 873 3154 omnes
899 3087 972 3152 noti
997 3088 1166 3174 ignotique

160 3179 374 3263 monuissent,
403 3179 437 3243 id
464 3178 532 3265 egi,
559 3178 592 3242 id
620 3176 771 3264 cogitari,
798 3177 833 3240 in
860 3197 897 3241 eo
926 3175 1102 3260 elaborari,
1129 3181 1168 3242 ut

120 3284 145 3328 ss
159 3289 211 3332 res
229 3267 265 3331 in
281 3267 364 3332 illud
382 3270 510 3352 tempus
531 3267 714 3348 reiceretur,
737 3264 847 3348 oredo,
865 3263 894 3329 si
916 3264 996 3329 meis
1019 3265 1110 3330 horis
1133 3265 1168 3330 in

160 3354 339 3422 accusando
358 3355 408 3419 uti
426 3353 613 3442 voluissem,
629 3373 766 3435 vererer,
788 3373 829 3417 ne
848 3351 929 3416 mihi
947 3352 1084 3418 erimina
1101 3375 1167 3418 non

160 3445 381 3528 suppeterent,
412 3457 464 3506 ne*
480 3441 585 3508 oratio
614 3441 753 3525 deesset,
781 3461 821 3509 ne
848 3461 912 3512 uox
937 3441 1087 3527 viresque
1115 3441 1167 3509 de·
