2590 3884
406 179 481 236 cnr.
500 187 585 236 9-11
607 185 753 245 sar-an.
1025 181 1089 247 109

79 322 109 390 si
129 324 258 409 obicies,
281 325 361 390 idne
384 325 479 391 alteri
504 324 631 390 crimini
650 324 751 406 dabis,
774 324 860 409 quod
879 325 991 391 eodem
1009 330 1089 391 tem·

78 435 148 498 pore
169 414 205 479 in
232 413 352 478 eadem
373 413 542 498 provincia
568 416 606 478 tu
631 413 702 498 ipse
725 412 853 478 fecisti?
884 414 1017 479 audebis
1040 414 1089 481 ita

78 522 219 567 accusare
254 503 413 586 alterurn,
448 505 499 586 ut,
531 523 595 585 qno
627 501 734 566 minus
766 505 837 567 tute
869 503 1089 586 condemnere,

77 611 218 655 recusare
243 612 318 656 non
344 589 473 676 possis?
523 587 581 654 Sin
609 590 866 674 praetermittes,
893 591 999 675 qualis
1027 592 1090 657 erit

57 679 129 742 etna
148 679 215 744 ista
239 678 423 760 accusatio,
451 699 533 762 quae
556 677 725 744 domestici
747 678 884 763 periculi
907 682 996 744 metu
1023 701 1088 745 cer·

76 766 189 832 tissimi
217 770 254 831 et
288 766 426 832 maximi
457 766 600 832 criminis
632 788 699 832 non
735 767 831 832 modo
864 767 1089 852 suspicionem,

77 855 307 920 verumetiam
326 855 523 920 montionem
540 854 646 939 ipsam
664 855 896 940 pertimescat?
932 854 1089 941 Emptum
1108 859 1142 910 ³2

78 945 122 1007 est
138 965 177 1008 ex
195 941 229 1010 S.
249 943 287 1009 0.
306 943 506 1008 frumentum
525 943 567 1008 ab
586 941 703 1008 Siculis
725 949 877 1027 praetore
894 942 1007 1027 Verre,
1029 965 1089 1026 pro

79 1052 135 1113 qno
160 1030 334 1097 frumento
361 1031 497 1117 pecunia
527 1031 632 1096 omnis
656 1032 766 1096 soluta
791 1034 937 1096 nonest.
983 1031 1090 1098 Grave

48 1122 124 1183 nest
143 1118 207 1186 hoc
231 1120 359 1185 crimen
380 1120 415 1184 in
431 1118 577 1203 Verrem,
601 1140 700 1206 grave
723 1141 775 1184 me
799 1123 925 1205 agente,
947 1123 981 1184 te
1000 1141 1090 1185 accu-

80 1209 164 1272 sante
186 1210 336 1292 nullum3
359 1229 430 1273 eras
452 1207 538 1272 enim
555 1211 593 1272 tn
612 1211 775 1292 quaestor,
797 1207 967 1293 pecuniam
985 1208 1091 1293 publi·

19 1339 20 1344 η
80 1317 144 1359 cam
169 1299 208 1361 tn
235 1296 422 1380 tractabam
454 1318 493 1360 ex
520 1317 598 1381 qna,
630 1295 759 1361 etiamsi
786 1300 917 1381 cuperet
948 1302 1090 1381 praetor,

80 1386 196 1469 tamen,
222 1406 270 1449 ne
300 1407 364 1469 qua
391 1384 539 1449 deductio
565 1384 673 1468 fieret,
701 1404 822 1469 magna
849 1405 888 1449 ex
914 1388 1010 1470 parte
1032 1389 1090 1451 tua

80 1475 220 1552 potestas
245 1477 330 1538 erat.
371 1471 478 1537 Huius
501 1493 629 1557 qnoque
651 1471 754 1558 igitur
776 1472 920 1538 criminis
943 1477 977 1538 te
1000 1496 1090 1540 accu-

50 1564 167 1626 usante
205 1561 334 1627 mentio
374 1561 467 1625 nulla
507 1561 577 1643 fiet3
609 1560 758 1625 silebitur
788 1564 859 1626 toto
896 1562 1013 1626 iudicio
1051 1563 1090 1627 de

82 1649 226 1715 maximis
256 1653 293 1715 et
318 1649 499 1714 notissimis
526 1649 616 1713 illius
642 1648 740 1713 furtis
771 1652 804 1713 et
826 1649 962 1726 iniuriis.
1007 1649 1090 1715 Mihi

83 1737 180 1819 crede,
211 1736 351 1821 Caecili,
381 1759 449 1803 non
477 1740 587 1822 potest
617 1738 653 1802 in
675 1737 853 1802 accusando
882 1737 987 1802 socios
1015 1759 1090 1802 vere

83 1822 245 1892 defendere
264 1827 304 1909 is,
319 1826 376 1911 qni
389 1848 462 1891 cum
474 1848 531 1891 reo
545 1825 716 1892 criminum
730 1825 886 1891 societate
900 1825 1090 1890 coniunctus

84 1916 137 1978 cst.
182 1914 353 1999 Mancipes
382 1937 401 1979 a
428 1914 615 1980 civitatibus
641 1935 701 1998 pro
728 1912 892 1979 frumento
920 1913 1143 1997 pecuniamne

53 2008 264 2088 aexegerunt.
320 2001 426 2078 Quid?
462 2002 525 2068 hoc
555 2001 658 2067 Verre
694 2006 845 2086 praetore
879 2001 1003 2066 factum
1040 2006 1091 2067 est

85 2089 205 2158 solum?
256 2089 347 2175 Non,
384 2092 439 2156 sed
472 2091 571 2156 etiam
603 2094 775 2174 quaestore
807 2088 957 2156 Caecilio.
1006 2088 1091 2165 Quid

85 2175 200 2262 igitur?
224 2181 362 2246 daturus
380 2201 415 2244 es
431 2179 508 2245 huic
526 2179 661 2262 crimini,
681 2179 766 2262 quod
785 2181 818 2242 et
830 2178 969 2262 potuisti
982 2179 1090 2262 prohi-

86 2264 153 2332 bere
182 2289 225 2334 ne
256 2268 350 2332 fieret
379 2270 413 2331 et
445 2267 599 2350 debuisti,
630 2289 673 2333 an
704 2269 812 2332 totum
843 2266 877 2330 id
904 2266 1090 2351 relinques?

86 2350 167 2441 Ergo
196 2356 234 2421 id
261 2355 393 2421 omnino
420 2353 540 2420 Verres
567 2355 603 2420 in
632 2354 751 2420 iudicio
785 2376 844 2419 sno
875 2377 942 2421 non
973 2356 1091 2440 audiet,

56 2443 165 2525 aquod
186 2467 263 2511 cum
284 2444 435 2526 faciebat,
459 2464 555 2527 quem
578 2442 768 2509 admodum
788 2442 976 2509 defensurus
996 2450 1091 2529 esset,
1214 2469 1218 2474 ·

86 2550 145 2596 non
164 2531 359 2618 reperiebat.

145 2619 256 2706 Atque
280 2641 341 2706 ego
364 2619 452 2702 haee,
476 2619 616 2704 quaein
638 2619 744 2684 medio
767 2619 876 2704 posita
899 2624 984 2703 sunt,
1003 2626 1141 2689 com-11

88 2726 238 2793 memor03
262 2711 338 2774 sunt
362 2708 427 2773 alia
448 2708 553 2792 magis
577 2707 705 2772 occulta
731 2707 829 2791 furta,
856 2730 938 2792 quae
962 2709 1027 2792 ille,
1054 2713 1092 2772 ut

89 2791 187 2882 istius,
215 2797 325 2880 credo,
348 2795 473 2862 animos
497 2799 594 2880 atque
616 2796 758 2880 impetus
780 2797 974 2880 retardaret,
1004 2796 1092 2860 beni-

58 2901 79 2943 ω
90 2884 237 2966 gnissime
246 2907 320 2951 cum
330 2888 501 2969 quaestore
511 2906 570 2950 suo
580 2884 838 2951 communicarit.
871 2885 960 2949 Haec
974 2888 1010 2947 tu
1028 2883 1091 2948 scis
1110 2895 1144 2944 34

91 2970 190 3040 adme
210 2995 281 3039 esso
300 2973 422 3057 dolata3
441 2994 523 3058 quae
542 2973 570 3038 si
586 2973 685 3038 velim
698 2972 851 3057 proferre,
869 2972 965 3038 facile
980 2992 1091 3036 omnes

89 3056 273 3149 intellegent
286 3061 379 3127 vobis
393 3061 480 3126 inter
494 3082 553 3127 vos
571 3083 638 3126 non
655 3063 751 3126 modo
770 3062 974 3126 voluntatem
991 3059 1092 3123 fuisse

91 3150 299 3234 coniunctam,
323 3150 379 3215 sed
401 3171 442 3215 ne
463 3150 618 3234 praedam
641 3149 770 3233 quidem
794 3148 899 3213 adhuc
921 3169 991 3211 esse
1015 3146 1092 3211 divi·

91 3255 159 3304 sam.
196 3237 403 3324 Quapropter
425 3239 454 3303 si
476 3237 538 3302 tibi
555 3237 709 3303 indicium
731 3235 880 3321 postulas
904 3235 983 3319 dari,
1007 3234 1092 3319 quod

61 3325 186 3392 aterum
205 3349 272 3392 una
293 3326 415 3405 fecerit,
438 3325 586 3404 concedo,
610 3326 638 3390 si
660 3325 694 3389 id
712 3325 784 3411 lege
803 3323 1017 3409 permittitur3
1042 3323 1094 3387 sin

91 3417 187 3481 autem
216 3415 257 3480 de
284 3415 488 3480 accusatione
516 3413 665 3497 dicimus,
697 3412 853 3478 concedas
881 3415 1012 3496 oportet
1043 3411 1093 3495 iis,

90 3502 137 3584 qui
151 3505 245 3570 nullo
265 3525 323 3569 suo
342 3506 476 3589 peccato
494 3502 724 3586 impediuntur,
747 3522 811 3584 quo
831 3499 938 3564 minus
957 3500 1092 3565 alterius
