2622 3884
171 157 239 222 454
478 155 518 210 m
536 155 565 211 e.
579 155 734 211 venenu
750 154 829 228 ner.
849 156 882 211 11.

172 300 303 386 penitus
331 299 451 384 excis03
482 299 565 365 nihil
592 303 662 365 tam
690 301 837 366 clausum
865 301 907 366 ad
934 301 1073 385 exitum,
1105 301 1191 366 nihil

172 392 242 454 tam
262 391 412 473 saeptum
434 388 583 472 undique,
606 389 689 453 nihil
712 393 783 455 tam
804 392 914 454 tutum
938 389 979 454 ad
1002 390 1187 456 custodiam

172 499 232 542 nec
262 477 334 540 fieri
360 497 419 541 nec
447 476 587 562 cogitari
612 481 731 562 potest.
777 477 818 541 In
844 479 905 544 has
933 478 1128 565 lautumiae,
1161 479 1191 544 si

174 587 230 649 qur
221 565 377 648 publice
398 568 470 630 cust
455 565 599 630 todiendi
622 570 707 650 sunt,
731 566 831 630 etiam
854 588 894 630 ex
915 566 1032 632 ceteris
1058 589 1078 632 0
1078 531 1190 653 ppidis

121 669 154 720 ce
174 651 303 719 Siciliae
325 653 438 719 deduci
460 653 672 739 imperantur
704 653 757 719 Ec
782 655 868 738 quod
891 656 1013 720 multos
1037 657 1214 756 captivoss
1272 653 1273 728 ξ

173 743 253 808 civis
273 742 438 807 Romanos
457 743 647 827 coniecerat,
671 743 758 845 quod
776 742 963 808 eodemt
912 765 946 808 ce
948 746 1036 808 teres
1060 744 1190 828 piratas
1272 743 1273 774 ¹

174 831 269 896 condi
290 831 480 916 imperarat,
503 831 725 915 intellexit,'
700 853 728 896 ιι
750 831 837 897 hunc
860 831 1061 896 subditivum
1086 833 1191 898 archi·
1272 875 1273 922 y

173 920 316 1005 piratam
351 920 387 984 in
423 920 557 998 eandem
589 919 771 985 custodiam
804 919 958 1004 dedisset,
993 919 1066 985 fore
1098 926 1140 986 ut
1171 945 1191 987 a
1272 997 1273 1000 Ἴ

174 1009 287 1074 multis
306 1009 341 1073 in
358 1008 527 1074 lautumiis
545 1029 641 1075 verus
659 1008 716 1072 ille
735 1008 799 1073 dux
819 1013 1035 1091 quaereretur.
1071 1007 1191 1094 Itaque
1272 1017 1273 1100 l

173 1097 339 1163 hominem
371 1097 448 1162 huic
479 1097 622 1182 optimae
648 1097 898 1180 tutissimaeque
926 1096 1095 1163 custodiae
1123 1120 1191 1164 non
1204 1117 1228 1156 ιι

175 1186 273 1250 audet
310 1185 528 1270 committere,
566 1185 702 1270 denique
740 1183 918 1268 Syracusas
954 1188 1044 1251 totas
1081 1186 1190 1272 timet,

175 1273 328 1338 amendat
340 1273 562 1338 hominem—
519 1273 661 1358 —quol
679 1272 872 1357 Lilybaeum
885 1273 1048 1339 fortasse?
1068 1273 1189 1359 Video3

174 1365 286 1426 tamen
325 1361 474 1426 homines
515 1364 710 1426 maritumos
750 1383 817 1426 non
851 1362 948 1446 plane
985 1361 1189 1430 reformidat.

174 1449 322 1533 Minime,
348 1449 479 1514 iudices.
520 1450 743 1515 Panhormum
765 1449 889 1536 igitur?
925 1450 1047 1535 Audi03
1076 1473 1189 1536 quam-

175 1560 274 1622 quam
297 1500 479 1622 Syracusis,
505 1539 659 1622 quoniam
681 1539 717 1602 in
740 1536 942 1622 Syracusano
966 1543 1082 1624 captus
1107 1545 1225 1626 erate

174 1649 334 1709 maxume,
360 1627 388 1690 si
410 1627 517 1692 minus
541 1627 700 1712 supplicio
725 1627 827 1711 adfici,
853 1630 888 1692 at
911 1628 1068 1693 custodiri
1092 1651 1135 1715 op
1138 1652 1188 1696 or-

122 1731 157 1781 '10
174 1716 277 1780 tebet.
313 1713 364 1779 Ne
381 1714 604 1780 Panhormum
623 1714 761 1799 quidem.
802 1715 904 1792 Quo
894 1720 957 1801 1g1t
932 1716 1018 1781 tur?
1043 1739 1107 1819 quo
1131 1740 1188 1804 pu-

175 1804 276 1869 tatis?
322 1802 376 1868 Ad
401 1804 549 1869 homines
579 1827 598 1868 a
624 1804 806 1888 piratarum
833 1808 979 1870 metuet
1003 1806 1189 1890 suspicione

175 1893 454 1975 alienissimos,a
480 1892 665 1993 navigando
689 1893 850 1976 rebusque
873 1893 1057 1958 maritumis
1080 1916 1187 1960 remo·
1272 1967 1273 1970 ¹

174 1981 335 2065 tissimos,
360 1980 401 2045 ad
425 1978 507 2046 (lent
492 1980 668 2065 turipinos,
695 1981 843 2047 homines
870 1981 1011 2046 maxime
1036 1983 1188 2048 mediter·
1201 2003 1225 2042 n

174 2091 300 2153 raneos,
324 2090 468 2134 summos
492 2073 647 2153 aratores,
670 2069 725 2153 qui
747 2091 866 2135 nomen
888 2091 1068 2154 numquam
1090 2072 1188 2137 timu-

173 2157 278 2222 issent
287 2157 455 2222 maritumi
464 2157 646 2242 praedonis,
659 2179 760 2223 unum
769 2161 803 2222 te
816 2161 967 2242 praetore
980 2158 1188 2225 horruissent

174 2244 371 2329 Apronium,
407 2249 597 2311 terrestrem
634 2246 876 2331 archipiratam.
925 2246 970 2310 Et
1003 2250 1041 2312 ut
1078 2249 1187 2332 quivis

174 2333 270 2398 facile
298 2334 497 2417 perspiceret
520 2334 555 2398 id
577 2335 619 2399 ab
641 2335 707 2399 isto
731 2338 839 2400 actum
863 2357 947 2419 esse,
969 2339 1007 2400 ut
1029 2336 1087 2401 ille
1110 2358 1187 2422 sup·

174 2421 301 2507 positus
322 2420 418 2485 facile
442 2425 475 2487 et
497 2422 601 2487 libent
586 2425 638 2487 ter
660 2445 695 2487 ee
717 2423 820 2507 illum,
844 2424 988 2508 quinon
1011 2429 1091 2509 erat,
1115 2447 1187 2490 esse
1200 2443 1224 2483 ιι

176 2510 354 2594 simularet,
376 2509 517 2594 imperat
534 2509 763 2596 Centuripinis,
785 2474 850 2576 ιιι
841 2533 869 2575 rs
892 2511 981 2578 victu
1004 2475 1187 2598 ceteiisque

174 2599 272 2663 rebus
300 2620 398 2683 quam
426 2599 665 2664 liberaliesume
692 2598 1026 2685 commodissumeque
1054 2601 1187 2667 adhibe

175 2691 274 2752 retur.
334 2720 336 2724 ¹

122 2747 165 2875 ἓξ
241 2775 372 2841 Interea
390 2773 593 2859 Syracusani,
615 2774 763 2839 homines
786 2775 885 2859 periti
907 2778 941 2840 et
963 2776 1107 2861 humani,
1131 2778 1187 2863 qui

175 2886 241 2928 non
268 2865 365 2929 modo
393 2885 444 2947 ea,
473 2884 555 2948 quae
577 2863 748 2947 perspicua
771 2867 893 2946 essent,
920 2864 1044 2949 videre,
1071 2885 1223 2931 vemmec

175 2953 274 3017 etiam
307 2952 435 3018 occulta
464 2950 623 3034 suspicari
649 2955 797 3035 possent,
829 2951 996 3016 habebant
1023 2953 1187 3019 rationem

175 3061 287 3106 omnes
310 3039 429 3106 cotidie
451 3039 646 3124 piratarum,
670 3039 725 3123 qui
749 3040 853 3104 securi
875 3039 1063 3142 ferirentur3
1087 3063 1186 3124 quam

174 3130 296 3194 multos
329 3149 399 3193 esse
432 3130 611 3211 oporteret,
643 3149 681 3191 ex
712 3127 785 3210 ipso
816 3128 964 3214 navigio,
997 3128 1084 3212 quod
1115 3135 1188 3195 erat

175 3221 320 3300 caum,pt
352 3220 386 3280 et
417 3236 456 3280 ex
487 3237 652 3280 remorum
681 3237 816 3280 numero
846 3217 1058 3283 coniciebant.
1108 3218 1186 3304 Iste,

176 3296 263 3386 quod
277 3303 392 3386 omnis,
411 3323 467 3384 qu1
457 3301 614 3366 artificii
632 3302 755 3384 aliquid
772 3302 957 3368 habuerant
975 3309 1033 3369 aut
1050 3269 1186 3390 formae,
1200 3323 1223 3365 us

71 3415 77 3424 ²
177 3392 373 3468 [removerat
401 3392 512 3471 atque]
539 3389 730 3472 abduxerat,
757 3389 951 3474 reliquos
925 3413 966 3475 ιι,
995 3395 1032 3457 ut
1055 3414 1186 3459 consue

175 3475 255 3538 tudo
286 3478 349 3553 cst,
379 3474 548 3538 universos
581 3476 623 3539 ad
650 3439 764 3561 paldm
793 3443 977 3563 alligasset,
1009 3481 1185 3547 clamorem

217 3823 694 3840 ——-——..—...-.--..-—-
705 3837 718 3839 -
