2524 3876
408 185 483 242 CAP.
502 193 606 242 29-31
626 192 641 254 ᾖ
659 187 777 244 82-88,
1048 187 1091 252 59

85 355 180 400 nemo
212 335 346 398 conetur
377 332 446 396 sine
476 353 533 416 spe
562 334 659 415 atque
687 333 905 397 emolumento
933 332 1091 398 accedere.

84 422 179 489 Hune
206 421 422 506 quaesitorem
448 442 485 485 ac
506 419 645 484 iudicem
667 419 838 506 fugiebant
861 424 959 504 atque
981 421 1091 486 horre
1110 433 1143 481 85

85 509 211 593 bentii,
230 509 347 594 quibua
361 508 541 592 periculum
555 509 735 592 creabatur,
753 508 825 574 ideo
845 508 940 592 quod,
958 508 1092 574 tametsi

85 596 233 664 veritatis
248 600 318 662 erat
332 597 463 679 amicus,
480 600 592 661 tamen
604 600 723 662 natura
739 618 806 662 non
823 599 890 664 tam
910 618 1091 680 propensus

58 686 125 751 aad
160 684 414 751 misericordiam
451 706 548 768 quam
584 684 778 769 implacatus
811 684 851 749 ad
883 685 1091 750 severitatem

85 774 262 840 ridebatur.
306 772 392 859 Ego,
425 795 622 857 quamquam
649 777 778 857 praeest
804 772 880 837 huic
908 773 1092 857 quaestioni
1159 830 1162 834 .

84 863 133 927 rir
160 866 194 926 et
222 865 337 927 contra
364 860 531 926 audaciam
557 860 756 925 fortissimus
784 863 817 924 et
843 860 884 925 ab
906 861 1092 926 innocentia

86 949 366 1033 clementissimus,
387 953 499 1014 tamen
515 948 612 1013 facile
636 970 686 1013 me
709 952 839 1032 paterer
861 949 914 1013 vel
936 949 995 1013 illo
1018 949 1091 1034 ipso

87 1038 242 1103 acerrimo
260 1037 365 1102 iudice
387 1041 561 1122 quaerente
584 1036 636 1101 vel
660 1037 744 1119 apud
764 1034 938 1102 Cassianos
960 1036 1092 1120 iudices,

52 1143 75 1182 ¹⁰
88 1147 223 1210 quorum
238 1125 337 1190 etiam
350 1125 482 1209 nuncii,
502 1125 618 1209 quibus
633 1145 730 1190 causa
745 1118 879 1190 dicenda
897 1128 955 1208 est,
972 1146 1093 1190 nomen

86 1215 190 1298 ipsum
220 1212 447 1296 reformidant,
478 1234 537 1297 pro
566 1209 636 1277 Sex.
659 1211 778 1279 Roscio
806 1213 919 1278 dicere.
964 1213 1004 1277 ln
1030 1213 1093 1278 hac
1102 1184 1145 1310 33}

87 1303 169 1367 enim
188 1323 288 1368 causa
307 1323 380 1366 cum
397 1301 544 1366 viderent
562 1301 638 1366 illos
662 1301 899 1385 amplissimam
921 1302 1092 1386 pecuniam

86 1390 259 1474 possidere,
281 1389 368 1455 hunc
385 1389 421 1453 in
438 1411 565 1454 summa
587 1388 795 1454 mendicitate
818 1411 897 1472 esse,
919 1389 1002 1454 illud
1025 1389 1099 1474 qui-

87 1478 156 1542 dem
186 1500 256 1543 non
284 1481 488 1562 quaererem,
521 1478 572 1543 cui
598 1477 684 1542 bono
713 1477 842 1560 diisset,
874 1477 931 1543 sed
958 1499 996 1542 eo
1023 1499 1102 1562 per»-

54 1582 75 1620 15
88 1567 194 1649 spicue
209 1567 334 1631 crimen
347 1569 380 1630 et
394 1566 609 1649 suspicionem
623 1566 732 1648 potius
752 1565 794 1630 ad
810 1565 965 1650 praedam
983 1565 1093 1632 adiun-

88 1659 198 1739 gerent
226 1676 325 1738 quam
351 1653 391 1718 ad
414 1657 602 1739 egestatem.
649 1652 745 1736 Quid,
774 1654 803 1718 si
825 1653 948 1719 accedit
972 1654 1094 1737 eodem,

87 1747 121 1807 ut
141 1742 251 1807 tenuis
275 1745 372 1808 antea
393 1741 516 1806 fueris?
549 1741 640 1825 quid,
667 1742 697 1806 si
718 1745 756 1807 ut
779 1743 918 1807 avarus?
952 1741 1041 1825 quid,
1066 1743 1094 1806 si

86 1833 121 1894 ut
146 1830 275 1896 audax?
308 1830 398 1914 quid,
426 1829 456 1894 si
481 1833 519 1894 ut
540 1829 643 1912 illius,
671 1829 727 1914 qui
750 1829 874 1894 occisus
898 1832 961 1913 est,
989 1829 1094 1893 inimi·

88 1917 256 1984 cissimus‘?
286 1939 365 1982 num
392 1917 575 2001 quaerenda
600 1939 710 2000 eausa,
738 1939 820 2001 quae
845 1921 877 1981 te
901 1917 1093 1982 adtentum

54 2005 208 2072 rosecium
238 2005 429 2072 adduxerit?
461 2005 546 2082 Quid
572 2026 649 2090 ergo
676 2005 795 2071 horum
820 2004 935 2091 negari
961 2006 1093 2088 potest?

88 2093 240 2159 Tenuitas
267 2094 409 2159 hominis
437 2094 506 2159 eius
534 2093 622 2159 modi
649 2097 711 2176 est,
739 2097 776 2158 ut
803 2093 1001 2158 dissimulari
1028 2113 1095 2158 non

89 2186 183 2264 queat
205 2186 305 2266 atque
329 2203 367 2247 80
390 2182 496 2268 magis
520 2182 658 2264 eluceat,
687 2202 750 2264 que
774 2183 879 2267 magis
903 2182 1093 2247 occultatur.

88 2269 269 2336 Avaritiam
296 2269 454 2354 praefers,
481 2270 538 2354 qui
564 2270 754 2334 societatem
781 2270 896 2335 coieris
925 2269 963 2334 de
991 2270 1094 2334 muni-
1111 2281 1145 2331 87

91 2358 168 2441 cipis
191 2358 388 2444 cognatique
411 2358 551 2423 fortunis
574 2379 648 2423 cum
671 2358 880 2422 alienissimo.
921 2357 1026 2434 Quam
1049 2358 1094 2422 sis

55 2461 77 2501 ²⁵
89 2446 203 2530 audax,
235 2450 272 2511 ut
295 2447 360 2511 alia
383 2446 570 2523 obliviscar,
591 2445 668 2510 hinc
687 2467 803 2510 omnes
826 2445 1017 2532 intellegere
1040 2467 1095 2529 po-

89 2538 227 2617 tuerunt,
245 2534 332 2618 quod
350 2555 389 2599 ex
406 2537 479 2599 tota
497 2533 661 2616 societate,
682 2533 745 2599 hec
763 2538 813 2598 est
832 2537 940 2599 extet
958 2534 1095 2617 sicariis,
1144 2607 1223 2628 ...-

90 2623 174 2687 solus
201 2627 241 2688 tu
267 2623 418 2688 inventus
446 2643 495 2705 es,
522 2622 578 2706 qui
604 2606 943 2688 cumffitombus
967 2622 1094 2686 sederes
1247 2639 1248 2642 ’

91 2712 183 2793 atque
197 2731 236 2776 os
249 2714 343 2776 tuum
356 2732 423 2776 non
436 2710 533 2775 modo
548 2710 743 2793 ostenderes,
761 2711 818 2775 sed
835 2712 935 2776 etiam
953 2711 1094 2776 offerres.

91 2796 278 2864 Inimicitias
296 2798 359 2863 tibi
382 2798 481 2862 fuisse
504 2820 575 2863 cum
601 2795 670 2863 Sex.
690 2797 809 2864 Roscio
832 2802 866 2864 et
888 2819 1025 2884 magnas
1048 2797 1095 2861 rei

57 2884 256 2952 etfamiliaris
278 2886 516 2953 controversias
540 2885 695 2952 concedes
717 2908 848 2952 necesse
864 2890 930 2952 est.
969 2885 1095 2966 Restat,
1114 2894 1148 2943 88

91 2973 219 3059 iudices,
246 2978 285 3039 ut
310 2974 372 3040 hoc
398 2975 595 3057 dubitemus,
623 2978 697 3039 uter
719 2975 829 3059 potius
853 2972 923 3039 Sex.
942 2972 1096 3036 Roscium

92 3062 252 3145 occiderit,
283 3062 326 3147 is,
356 3062 398 3128 ad
425 3085 521 3147 quem
548 3065 653 3128 morte
681 3062 750 3127 eius
779 3062 911 3128 divitiae
939 3059 1097 3142 venerint,

94 3170 133 3212 an
148 3150 185 3234 is,
208 3150 250 3216 ad
269 3173 366 3235 quem
383 3149 584 3233 mendicitas,
606 3149 644 3233 is,
669 3150 724 3234 qui
743 3153 840 3215 antea
857 3148 964 3214 tenuis
988 3147 1097 3229 fuerit,

95 3257 133 3300 an
153 3238 195 3322 is,
222 3239 278 3323 qui
301 3242 416 3322 postea
439 3239 545 3304 factus
569 3239 612 3302 sit
635 3238 878 3324 egentissimus,
904 3237 946 3319 is,
970 3235 1026 3320 qui
1049 3257 1098 3300 ar·

59 3337 82 3378 ³⁶
95 3323 167 3389 dens
182 3327 322 3392 avaritia
335 3327 461 3392 feratur
473 3326 611 3390 infestus
624 3326 659 3391 in
675 3347 760 3408 suos,
780 3348 822 3390 an
839 3325 877 3409 ia,
896 3324 952 3410 qui
971 3345 1098 3408 semper

94 3411 138 3476 ita
154 3415 279 3498 vixerit,
297 3418 336 3479 ut
354 3418 526 3498 quaestum
544 3417 656 3479 nosset
673 3414 811 3498 nullum,
828 3413 970 3480 fructum
989 3415 1098 3478 autem

95 3520 163 3565 eum
186 3502 305 3588 solum,
333 3524 429 3588 quem
452 3503 565 3567 labore
587 3501 782 3588 peperisset,
808 3502 851 3586 is,
875 3501 931 3586 qui
953 3501 1100 3566 omnium
