2622 3884
196 131 262 197 382
500 129 540 184 ΙΝ
559 130 588 186 C.
604 129 758 186 VERREM
776 130 853 188 ACT.
872 131 907 186 11.

195 298 354 361 apparare
381 275 573 342 convivium.
614 274 712 341 Multi
738 275 825 342 domi
848 273 905 342 Cn.
925 273 1029 342 Calidi
1053 298 1126 342 cum
1150 299 1209 362 po·

195 369 316 430 testate
334 368 432 449 etque
450 363 587 449 imperio
605 363 750 449 fuerunt,
772 386 868 430 nemo
886 364 1038 431 inventus
1061 369 1113 432 est
1134 369 1208 430 tam

195 475 320 537 amens,
352 453 408 538 qni
434 452 517 519 illud
544 457 717 540 argentum
743 457 813 522 tem
839 455 1042 539 praeclarum
1070 476 1108 520 ac
1135 457 1208 519 tam

194 542 305 608 nobile
324 543 476 627 eriperet,
498 563 593 608 nemo
612 546 682 608 tam
705 542 823 628 audax,
846 542 902 627 qui
924 546 1086 628 posceret,
1108 564 1207 608 nemo

141 642 176 693 co
194 635 264 697 tam
282 630 451 716 inpudens,
474 631 530 715 qui
547 631 740 716 postularet,
762 635 800 696 ut
818 632 980 698 venderet.
1021 629 1235 715 Superbum

195 723 246 786 est
268 720 367 804 enim,
394 719 529 804 iudices,
556 724 589 786 et
611 741 678 786 non
698 719 867 785 ferendum
891 720 995 786 dicere
1018 724 1208 806 praetorem

193 808 229 874 in
264 808 432 893 provincia
467 808 592 874 homini
627 808 779 893 honesto,
815 808 985 894 locupleti,
1021 809 1207 893 splendido:

194 896 318 963 ‘Vende
337 897 419 964 mihi
436 918 515 964 vasa
536 896 685 981 caelata'3
706 896 769 963 hoc
792 900 843 962 est
865 897 952 962 enim
975 897 1093 963 dicere:
1117 895 1208 963 ‘Non

194 1007 229 1051 es
252 986 370 1073 dignus
393 990 444 1071 tu,
467 985 523 1071 qui
545 985 682 1068 habeas,
705 1006 787 1070 quae
809 989 879 1052 tam
901 986 984 1052 bene
1005 986 1096 1052 facta
1119 990 1207 1070 sunt,

194 1097 285 1141 meae
301 1074 475 1162 dignitatis
497 1073 564 1139 ista
586 1072 682 1139 sunt'
718 1073 768 1139 Tu
792 1073 930 1162 dignior,
952 1073 1081 1160 Verres,
1105 1097 1207 1160 quam
1223 1092 1247 1132 10

194 1161 361 1229 Calidius?
398 1163 455 1247 qui
477 1161 530 1248 (ut
556 1183 623 1228 non
650 1161 815 1228 conferam
842 1162 945 1228 vitam
967 1185 1072 1248 neque
1095 1163 1207 1228 existi-

193 1252 371 1318 mationem
385 1254 476 1316 tuam
490 1272 563 1316 cum
576 1249 681 1335 illius,
697 1272 803 1336 neque
819 1251 906 1318 enim
924 1255 976 1317 est
993 1251 1207 1336 conferenda3

192 1340 255 1406 hoc
281 1340 389 1424 ipsum
421 1338 598 1423 conferam,
630 1359 694 1423 quo
725 1342 763 1404 tu
794 1343 827 1406 te
860 1340 1060 1424 superiorem
1089 1338 1205 1427 fingis)

193 1427 279 1512 quod
297 1425 353 1492 Hs
372 1429 438 1492 οἷο
456 1426 661 1511 divisoribus,
682 1431 720 1494 ut
741 1432 874 1512 praetor
896 1428 1129 1514 renuntiarere,
1152 1429 1206 1494 de·

193 1515 280 1599 disti,
302 1518 448 1581 trecenta
471 1515 723 1599 accusatorius
745 1516 808 1581 tibi
830 1517 962 1583 odiosus
985 1521 1081 1603 esset,
1106 1539 1146 1583 ea
1168 1539 1204 1582 re
1220 1533 1247 1574 1⁵

192 1604 374 1670 contemnis
399 1607 582 1688 equestrem
605 1604 751 1671 ordinem
774 1609 807 1670 et
830 1606 990 1691 despicis?
1021 1628 1061 1672 ea
1082 1627 1118 1671 re
1140 1606 1206 1671 tibi

192 1692 362 1780 indignum
397 1692 503 1759 visum
535 1696 586 1757 est
617 1693 803 1779 quicquam,
839 1695 925 1778 quod
955 1694 1018 1760 tibi
1048 1695 1205 1780 placeret,
1288 1723 1289 1730 ¹

140 1829 180 1895 2,
193 1780 354 1847 Calidium
376 1781 487 1867 potius
509 1781 629 1846 habere
653 1803 751 1866 quam
773 1782 829 1848 te?

140 1909 174 1959 4,
259 1871 366 1937 Iactat
393 1891 427 1936 se
452 1869 661 1936 iamdudum
685 1871 723 1937 de
747 1869 886 1955 Calidio,
913 1874 1028 1937 narrat
1050 1871 1203 1938 omnibus

193 1959 309 2025 emisse
333 1981 376 2024 se.
416 1957 505 2024 Num
528 1958 627 2024 etiem
650 1958 689 2024 de
711 1957 747 2024 L.
765 1957 916 2045 Papinio,
941 1959 1012 2026 viro
1034 1960 1204 2045 primario,
1217 1977 1243 2018 ²⁰
1287 2025 1288 2028 ,

192 2048 349 2133 locupleti
361 2047 563 2132 honestoque
578 2047 685 2130 equite
698 2046 857 2133 Romano,
874 2048 1055 2114 turibulum
1070 2049 1203 2116 emisti?

192 2137 248 2220 qui
278 2158 338 2221 pro
370 2135 558 2202 testimonio
590 2135 672 2200 dixit
702 2139 749 2221 te,
781 2158 854 2202 cum
880 2136 1116 2222 inspiciendum
1143 2160 1203 2225 po-

190 2224 365 2309 poscisses,
390 2224 501 2290 evolso
524 2224 719 2290 emblemate
741 2224 918 2310 remisisse,
940 2229 978 2290 ut
998 2225 1202 2313 intellegatis

191 2313 226 2377 in
243 2311 374 2377 homine
392 2312 652 2398 intellegentiam
675 2333 755 2398 esse,
776 2334 844 2378 non
865 2312 1047 2400 avaritiam,
1070 2315 1203 2382 artificii

191 2399 1200 2558 ullucorruituraN¹²1,
1215 2419 1241 2461 ²⁵

192 2576 356 2663 omnibus,
384 2538 602 2662 quaecumdue
629 2577 665 2643 in
687 2575 799 2644 Sicilia
821 2572 963 2645 fuerunt.
1006 2514 1201 2647 Incllddiblild
1285 2631 1286 2650 i

192 2670 243 2731 est
274 2669 396 2749 autem,
429 2687 527 2750 quam
556 2666 662 2732 multa
688 2669 722 2731 et
750 2687 847 2751 quam
874 2668 1044 2754 praeclara
1069 2668 1199 2735 fuerint.
1285 2657 1286 2741 l

193 2751 296 2821 Credo
332 2759 418 2838 tum,
453 2777 526 2820 cum
558 2751 670 2820 Sicilia
704 2753 844 2822 florebat
874 2756 991 2841 opibus
1023 2761 1057 2822 et
1088 2757 1199 2843 copiis,

192 2864 312 2930 magna
330 2842 470 2908 artificia
488 2842 589 2908 fuisse
611 2842 646 2907 in
668 2864 707 2909 ea
728 2843 845 2912 insula.
880 2843 967 2910 Nam
990 2845 1104 2911 domus
1128 2850 1198 2912 erat
1212 2861 1238 2904 ³⁰

192 2937 267 2997 ante
285 2932 386 2997 istum
408 2935 592 3016 praetorem
613 2931 706 2997 nulla
726 2933 824 3015 paulo
848 2932 1054 3019 locupletior,
1077 2935 1197 3019 quain
1284 2931 1285 3013 l

192 3019 287 3086 domo
310 3020 394 3122 baec
420 3041 487 3085 non
514 3022 637 3121 assent,
663 3019 791 3086 etiamsi
812 3025 985 3124 praeterea
1005 3021 1089 3124 nihil
1112 3027 1197 3126 esset

191 3112 333 3282 trel:
353 3108 1195 3285 ,diludebaturldldtttrite}
1283 3251 1284 3285 ,

190 3284 379 3350 turibulum.
413 3285 522 3351 Erant
538 3287 647 3350 autem
665 3285 873 3352 haecomnia
891 3286 1025 3371 antiquo
1044 3309 1140 3373 opere
1162 3293 1194 3354 et
1207 3303 1231 3348 ae

191 3393 318 3438 summo
341 3372 479 3438 artificio
501 3372 603 3456 faeta,
624 3377 662 3440 ut
684 3373 746 3439 hoc
768 3373 881 3440 liceret
904 3375 1074 3461 suspicari,
1095 3375 1193 3442 fuisse

191 3458 364 3542 aliquando
388 3460 474 3545 apud
495 3457 620 3526 Siculos
642 3482 802 3547 peraeque
824 3484 884 3547 pro
906 3464 1057 3548 portione
1080 3467 1192 3551 cetera,
