2524 3876
274 239 275 244 ,
398 185 475 242 uAP.
497 193 599 243 11-10
619 193 633 254 s
652 193 765 244 111-01.
1041 191 1082 254 19

83 329 113 394 id
139 330 217 415 egit,
247 333 285 396 ut
312 331 432 396 amicos
462 330 683 415 observantia,
710 353 779 396 rem
806 332 1008 416 parsimonia
1034 355 1082 398 re·

83 418 206 502 tinaret;
220 419 389 503 antiquam
401 419 500 484 officii
512 419 672 484 rationem
687 419 809 505 dilexit,
823 421 913 486 cuius
929 421 1083 506 splendor

82 507 179 572 omnis
210 507 260 572 his
293 508 439 572 moribus
470 507 641 573 obsolevit.
686 507 733 572 At
755 508 796 573 -si
822 509 857 573 in
884 529 982 574 causa
1008 509 1080 594 pari

81 595 234 660 discedere
260 595 396 660 inferior
421 595 598 680 rideretur,
625 599 736 661 tamen
764 601 851 662 esset
872 619 938 662 nou
962 597 1080 663 medio

58 683 171 750 loriter
193 685 465 769 conquerendum
491 705 577 748 nunc
603 684 638 748 in
665 706 764 750 causa
792 685 957 770 superiore
979 707 1021 750 ne
1043 689 1081 750 ut

81 793 133 856 par
161 772 290 856 quidem
320 773 364 837 sit
392 773 552 858 postulat,
582 771 770 838 inferiorem
799 793 928 840 essese
954 774 1081 859 patitur

81 859 241 926 dumtaxat
266 883 367 945 usque
390 882 442 944 eo,
468 882 509 926 ne
533 883 606 926 cum
628 861 738 944 bonis,
763 861 853 926 fama
874 861 1080 946 fortunisque

79 949 220 1014 omuibus
245 947 316 1015 Sex.
335 949 441 1015 Naevi
468 948 639 1034 cupiditati
662 949 912 1035 crudelitatique
935 950 1079 1015 dedatur.

137 1037 255 1122 Docui,
291 1038 376 1123 quod
408 1037 549 1123 primum
580 1037 747 1122 pollicitus
780 1059 865 1122 sum,
897 1036 933 1104 0.
957 1037 1079 1122 Aquili,
1092 1011 1133 1138 1652,

45 1140 65 1180 1⁰
77 1147 199 1191 eausam
214 1126 356 1205 omnine,
375 1148 431 1193 cur
449 1126 641 1212 postularet,
658 1147 725 1192 non
743 1126 853 1212 fuisse,
871 1127 958 1211 quod
976 1148 1080 1211 neque

77 1216 205 1298 pecunia
219 1215 399 1280 debebatur
413 1218 456 1299 et,
474 1215 502 1278 si
516 1214 656 1279 maxime
672 1215 852 1299 deberetur,
871 1213 1081 1280 commissum

75 1303 151 1367 nihil
183 1308 285 1387 esset,
322 1325 420 1387 quere
452 1302 493 1367 ad
524 1303 624 1367 istam
655 1303 816 1368 rationem
848 1303 1078 1388 perveniretur.

77 1391 211 1456 Attende
224 1413 312 1456 nunc
326 1413 365 1455 ex
379 1391 484 1456 edicto
503 1391 665 1476 praetoris
684 1391 770 1456 bona
784 1391 818 1455 P.
829 1389 959 1466 Quincti
978 1391 1082 1475 possi·

77 1478 138 1543 deri
154 1481 248 1545 nullo
267 1479 363 1545 modo
382 1479 537 1565 potuisse.
569 1478 688 1545 Tracta
707 1480 856 1545 edictum.
888 1477 953 1555 Qur
972 1497 1079 1544 suau-

45 1579 235 1634 11111101111
269 1584 378 1634 causa
409 1585 609 1633 1111111111.
656 1565 732 1632 Non
764 1568 870 1632 estis
897 1567 1080 1652 Quinctius,

75 1657 174 1721 nisisi
194 1657 340 1740 latitant,
362 1657 417 1740 qui
435 1656 475 1720 ad
493 1656 663 1740 negotium
682 1678 775 1721 suum
793 1656 908 1722 relicto
926 1677 1080 1741 procura·

75 1746 139 1809 tora
155 1745 415 1830 proficiscuntur.
452 1761 640 1810 0111111111
660 1762 733 1810 non
756 1761 937 1809 1111111111.
977 1742 1028 1808 No
1050 1743 1079 1808 is

76 1832 206 1916 quidem.
240 1851 303 1911 orn
321 1849 450 1898 sxsuu
470 1849 581 1898 causa
600 1849 716 1898 sonuu
739 1850 921 1898 vnnrnarr.
953 1830 1030 1896 Dici
1046 1832 1082 1896 id

75 1921 132 1985 11111
152 1927 261 2004 potest.
309 1921 394 2002 QUI
416 1919 601 2000 ABSENS
625 1921 650 1985 I
653 1919 810 1988 UDIOIO
832 1919 1023 1986 DEFENS
1029 1918 1081 1986 ΠΒ

42 2021 64 2060 2⁰
76 2009 169 2075 NON
186 2009 375 2076 FUERIT.
421 2007 490 2085 Quo
519 2013 665 2093 tempore
694 2009 861 2074 existimas
887 2007 1080 2093 oportuisse,

74 2093 181 2182 Naevi,
195 2098 366 2163 absentem
379 2097 566 2173 Quinctium
578 2096 705 2162 defendi
717 2100 775 2162 eut
789 2119 852 2182 quo
868 2097 985 2162 modo?
1000 2100 1079 2180 tum,

74 2207 141 2250 oum
168 2185 376 2272 postulabas,
403 2189 441 2250 ut
467 2186 555 2249 bone
582 2186 787 2270 possideres?
832 2184 938 2249 Nemo
963 2183 1080 2268 adfuit,

72 2275 274 2359 nequeenim
289 2274 461 2359 quisquam
476 2273 620 2338 divinare
634 2277 764 2359 poterat
778 2276 811 2338 te
827 2273 1080 2359 postulaturum,

73 2383 172 2446 neque
196 2385 394 2448 quemquam
418 2362 580 2426 attinebat
601 2361 635 2426 id
658 2383 815 2445 recusare,
839 2362 926 2445 quod
948 2364 1080 2446 praetor

39 2462 61 2504 2⁵
72 2471 135 2516 non
145 2451 226 2537 fieri,
240 2451 297 2516 sed
308 2471 346 2516 es
357 2449 462 2516 edicto
475 2471 533 2515 suo
545 2449 616 2515 fieri
629 2451 772 2516 iubebat.
796 2448 859 2525 Qui
872 2451 963 2515 locus
977 2449 1081 2536 igitur
1099 2461 1130 2510 ol

72 2538 215 2606 absentis
231 2538 421 2604 defendendi
434 2538 639 2624 procuratori
654 2539 779 2623 primus
793 2538 888 2604 datus
903 2538 975 2602 est?
999 2537 1081 2603 Cum

71 2627 306 2712 proscribebas.
350 2627 441 2712 Ergo
470 2625 588 2710 adfuit,
618 2648 686 2692 non
711 2647 827 2712 passus
856 2629 919 2707 est,
949 2625 1080 2691 libellos

73 2716 183 2782 deiecit
212 2713 284 2781 Sex.
306 2715 459 2797 Alfenus3
492 2715 547 2798 qui
574 2715 698 2799 primus
726 2719 797 2780 erat
824 2715 924 2780 officii
951 2714 1080 2799 gradus,

74 2809 220 2870 servatus
244 2808 294 2868 est
317 2826 338 2868 a
359 2807 571 2888 procuratore
594 2825 722 2868 summa
744 2825 817 2868 cum
841 2801 1021 2887 diligentia.

39 2904 62 2944 ³⁰
134 2891 327 2976 Videamus,
351 2913 433 2976 quae
457 2891 572 2956 deinde
594 2891 661 2956 sint
684 2895 864 2957 consecuta.
905 2889 1080 2954 Hominem

73 2978 105 3044 P.
128 2979 260 3056 Quincti
287 2979 499 3064 deprehendis
527 2979 562 3043 in
584 2979 730 3064 publico,
758 2979 885 3046 conaris
909 2977 1080 3060 abducere3
1182 3043 1189 3060 ,

72 3088 134 3133 non
151 3069 279 3155 patitur
293 3068 444 3152 Alfenus,
467 3068 500 3133 11
523 3067 585 3131 tibi
608 3067 735 3152 adimit,
758 3071 864 3150 curat,
886 3069 925 3131 ut
947 3065 1079 3129 domum

73 3157 243 3222 reducatur
267 3157 308 3220 ad
331 3155 526 3232 Quinctium.
566 3155 630 3221 Hic
652 3178 779 3241 quoque
803 3175 927 3220 summe
951 3155 1080 3218 constat

75 3245 291 3327 procuratoris
302 3245 468 3331 diligentis
484 3243 634 3309 officium.
658 3244 785 3309 Debere
798 3243 860 3306 tibi
874 3240 954 3306 dicis
964 3239 1080 3316 Quinc·

41 3331 167 3418 etium,
195 3337 387 3418 procurator
408 3336 524 3418 negat,
549 3332 663 3397 vadari
685 3333 748 3416 vis,
771 3329 948 3415 promitt't3
970 3329 1006 3393 in
1027 3328 1078 3394 ius

74 3441 177 3506 10011,
196 3421 355 3506 sequitur3
377 3421 530 3486 iudicium
551 3421 710 3506 postulas,
732 3441 799 3484 non
816 3422 952 3482 recusat.
995 3415 1079 3492 Quid

74 3509 159 3574 aliud
174 3509 220 3574 sit
236 3509 402 3574 absentem
422 3509 558 3594 defendi,
579 3530 640 3595 ego
659 3529 725 3573 non
742 3506 909 3592 intellego.
941 3507 988 3570 At
1006 3507 1078 3590 quis
1098 3514 1131 3564 62

828 3609 865 3663 ᾖ*
