2600 3878
182 183 247 249 362
329 231 334 242 .
485 179 526 236 IN
545 179 574 235 C.
589 179 744 235 VERREM
761 179 840 238 lor.
858 181 893 237 Il.

180 326 256 411 fuit,
285 325 467 411 imperavit.
515 323 683 391 Summam
711 324 830 391 faciam
858 326 952 392 vobis
981 347 1021 392 ex
1050 327 1190 413 publicis
1285 393 1286 400 ,

179 414 301 480 litteris
333 436 371 480 ac
402 414 598 480 testimoniis
631 414 798 480 civitatum
828 413 985 480 frumenti
1010 415 1047 481 in
1073 417 1190 482 cellam
1285 419 1286 476 t

179 503 345 588 imperati3
367 503 535 586 reperietis
555 502 747 588 quinquiens
769 506 873 588 tanto,
895 503 1025 589 iudices,
1049 505 1190 590 amplius

179 591 294 676 istum,
325 613 423 676 quam
454 594 612 676 quantum
644 591 679 656 in
710 591 827 657 cellam
854 613 980 658 sumere
1006 592 1037 658 ei
1062 593 1190 658 licitum

181 680 233 764 sit,
256 681 443 746 civitatibus
465 682 652 764 imperasse.
689 679 773 756 Quid
795 680 837 746 ad
858 681 943 747 hano
964 681 1214 764 inpudentiams

180 765 255 834 addi
276 772 400 854 potest,
427 769 456 834 si
479 772 511 834 et
534 768 731 834 aestumavit
754 768 852 853 tanti,
874 773 913 834 nt
934 769 1082 835 homines
1104 770 1190 835 ferre
1285 771 1286 850 l

178 879 245 922 non
271 861 418 943 possent,
446 861 479 922 et
501 860 595 923 tanto
617 857 706 942 plus,
734 878 831 941 quam
855 860 926 923 erat
949 858 979 922 ei
1002 879 1191 924 conoessum

179 946 321 1032 legibus,
343 946 538 1030 imperavit?

125 1039 178 1091 226
246 1034 453 1120 Quapropter
483 1033 615 1120 cognita
641 1055 676 1099 re
703 1037 776 1100 tota
801 1032 1027 1120 frumentaria,
1058 1034 1191 1120 iudices,

178 1124 245 1188 iam
262 1123 418 1189 facillimo
436 1123 619 1208 perspicere
637 1122 787 1208 poteritis
806 1121 960 1187 amissam
978 1143 1049 1188 esse
1066 1124 1228 1208 populoru

178 1211 327 1277 Romano
351 1210 509 1297 Siciliam,
537 1210 830 1276 fructuosissimam
854 1215 952 1295 atque
975 1211 1191 1296 oportunissi-

179 1322 266 1365 mam
288 1299 503 1385 provinciam,
529 1299 596 1363 nisi
618 1321 689 1364 eam
712 1320 770 1365 vos
792 1299 887 1364 istius
912 1298 1119 1364 damnatione
1143 1321 1190 1364 re-

179 1387 350 1540 cupglatis.
392 1387 476 1540 puio
508 1391 586 1541 estto
588 1388 674 1452 enim
702 1385 825 1471 Sicilia,
857 1387 886 1452 si
913 1387 985 1474 agri
1012 1388 1190 1540 cultim1¹te1p

179 1498 233 1542 sus
285 1497 349 1541 erra
377 1497 394 1540 e
437 1497 467 1541 ar
493 1497 551 1541 ara
587 1497 660 1541 rum
686 1496 857 1541 numerum
884 1497 921 1541 ao
943 1497 1102 1542 nomene
1176 1515 1190 1525 -

177 1564 286 1629 reris?
328 1563 411 1640 Quid
434 1567 543 1630 autem
565 1567 676 1648 potest
698 1585 768 1629 esse
791 1563 826 1628 in
849 1564 1036 1630 calamitate
1058 1564 1190 1648 residui,
1204 1594 1229 1634 1⁵

178 1653 264 1737 quod
281 1673 349 1717 non
371 1652 413 1716 cd
434 1652 571 1718 miseros
594 1656 740 1717 aratores
761 1651 827 1718 isto
850 1657 1000 1737 praetore
1022 1674 1081 1739 per
1103 1674 1190 1717 sum-

177 1764 265 1806 mam
279 1740 431 1806 iniuriam
445 1739 722 1826 ignominiamque
740 1740 945 1824 peruenerit?
970 1741 1096 1826 quibus,
1114 1763 1193 1806 cunr

178 1830 329 1896 decumas
361 1830 438 1895 dare
470 1828 637 1912 deberent,
673 1829 727 1892 vix
758 1828 839 1912 ipsis
872 1829 1023 1895 decumae
1053 1828 1190 1894 relictae

178 1923 267 2001 sunt,
298 1940 372 1984 cum
403 1917 540 2003 pecunia
571 1916 755 2002 deberetur,
786 1918 896 1983 soluta
924 1939 991 1983 non
1019 1920 1082 2002 est,
1113 1940 1190 1982 cum

179 2007 303 2092 optima
322 2006 550 2109 aestimatione
568 2009 699 2107 senatus
718 2007 918 2071 frumentum
936 2027 992 2071 eos
1012 2006 1047 2070 in
1069 2005 1189 2070 cellam
1205 2036 1230 2076 20
1281 2013 1285 2024 '

124 2094 1190 2274 citttlttletttrttttt..tttttstltss

177 2271 312 2337 iniurias
344 2271 486 2354 tollatis,
518 2275 629 2336 tamen
659 2269 764 2354 ipsam
795 2269 957 2335 rationem
986 2269 1101 2336 arandi
1129 2293 1190 2356 spe

177 2358 284 2445 magis
299 2361 332 2424 et
344 2358 544 2425 iucunditate
559 2358 697 2444 quadam
712 2380 810 2443 quam
823 2359 932 2425 fructu
948 2362 1046 2443 atque
1064 2359 1190 2423 eniolu-

177 2450 287 2512 mento
306 2446 419 2511 teneri.
454 2447 587 2512 Etenim
605 2447 646 2512 ad
663 2447 822 2514 incertum
846 2469 956 2512 casum
979 2450 1012 2511 et
1034 2449 1190 2511 eventum
1205 2475 1235 2517 η

178 2539 285 2602 certus
309 2536 483 2619 quotannis
506 2535 601 2601 labor
623 2541 657 2601 et
678 2538 785 2601 certus
809 2539 958 2620 sumptus
980 2535 1191 2620 impenditur.

177 2624 318 2689 Annona
349 2645 447 2706 porro
478 2624 619 2708 pretium
649 2624 714 2688 nisi
742 2623 778 2689 in
805 2623 993 2689 calamitate
1021 2624 1191 2689 fructuum

177 2735 244 2778 non
260 2711 376 2796 habet3
399 2711 428 2776 si
446 2716 555 2777 autem
574 2712 706 2778 ubertas
729 2711 764 2776 in
785 2711 1003 2797 percipiundia
1024 2711 1191 2778 fructibus

176 2801 253 2885 fuit,
285 2799 492 2885 consequitur
523 2800 632 2866 vilitas
664 2801 699 2865 in
729 2800 920 2885 vendundis,
951 2803 990 2865 ut
1017 2803 1074 2866 aut
1100 2801 1191 2867 male

177 2889 379 2956 vendendum
410 2888 597 2975 intellegas,
633 2888 663 2954 si
693 2889 775 2954 bene
806 2889 978 2974 processit,
1012 2891 1069 2954 aut
1100 2890 1192 2954 male
1209 2920 1239 2960 ω

177 2981 347 3063 perceptos
366 2977 500 3063 fructus,
522 2977 551 3043 si
569 2980 656 3043 recta
673 2977 751 3042 lieet
768 2977 914 3042 vendere.
951 2977 1053 3043 Totae
1076 2981 1193 3043 autem

177 3087 229 3131 res
256 3065 396 3131 rusticae
423 3065 492 3131 eius
519 3066 608 3130 modi
630 3069 719 3150 sunt,
747 3068 785 3131 ut
808 3086 863 3130 eas
885 3087 952 3131 non
974 3065 1059 3130 ratio
1081 3087 1194 3151 neque

176 3154 284 3238 labor,
320 3154 377 3218 sed
412 3175 464 3220 res
497 3153 744 3238 incertissimae,
781 3154 869 3218 venti
901 3157 1195 3241 tempestatesque,
1282 3225 1283 3232 χ

177 3240 393 3307 moderentur.
442 3243 528 3309 Hinc
559 3265 631 3308 cum
660 3263 743 3306 unae
773 3241 925 3308 decumae
951 3243 1025 3328 lege
1053 3246 1087 3306 et
1114 3265 1197 3310 con-

178 3328 346 3394 suetudine
366 3330 586 3414 detrahantur,
610 3330 732 3394 alterae
751 3329 845 3394 novis
868 3330 1030 3396 institutis
1052 3337 1196 3417 propter
1212 3359 1239 3402 aa

179 3435 325 3479 annonae
352 3418 513 3485 rationem
539 3417 750 3501 imperentur,
778 3421 905 3484 ematur
931 3422 1102 3504 praeterea
1122 3419 1197 3486 fru-

178 3504 324 3568 mentum
345 3505 518 3589 quotannis
541 3503 679 3588 publioe,
700 3508 867 3588 postremo
890 3506 990 3572 etiam
1011 3507 1048 3571 in
1070 3508 1197 3574 cellam
