2564 3876
201 165 245 230 64
373 163 443 218 Pao
462 163 539 218 SEX.
559 161 688 217 ROSCIO
706 160 873 217 AMERINO
893 160 1033 216 ORATIO.

201 332 274 375 cum
305 308 463 394 prodierit
496 307 576 392 (seio
609 307 694 372 enim
724 307 929 392 proditurum
959 304 1058 392 esse),
1089 305 1202 371 audiet.

149 411 198 460 101
217 397 337 462 Veniat
360 397 470 480 modo,
493 395 632 481 explicet
655 418 749 460 suum
772 396 925 460 volumen
946 394 1041 478 illud,
1068 393 1154 478 quod
1175 394 1203 458 ei

200 487 334 571 planum
366 485 472 550 facere
504 506 637 569 possum
664 483 819 548 Erucium
848 483 1090 566 conscripsisse3
1120 482 1204 566 quod

200 575 293 639 aiunt
318 574 414 640 illum
437 570 508 638 Sex.
526 573 644 638 Roscio
669 573 849 638 intentasse
871 576 905 636 et
927 571 1113 637 minitatum
1136 591 1205 636 esse

201 684 236 726 se
256 662 365 728 omnia
386 662 446 726 illa
468 683 528 746 pro
551 661 739 726 testimonio
763 682 833 725 esse
856 660 1027 725 dicturum.
1068 659 1094 724 0
1116 677 1228 744 praec

201 751 326 816 clarum
353 755 485 834 testem,
512 749 646 815 iudices!
679 749 916 835 ogravitatem
944 749 1077 834 dignam
1100 768 1207 833 expec-

200 839 339 904 tatione!
364 839 504 904 ovitam
523 839 694 904 honestam
718 841 815 922 atquc
838 837 907 902 eius
930 837 1028 920 modi,
1050 841 1087 901 ut
1109 836 1208 901 liben-

201 928 290 993 tibus
305 927 422 992 animis
431 927 478 992 ad
492 925 561 991 eius
574 926 800 991 testimonium
813 929 957 990 vestrum
971 925 1022 989 ius
1038 924 1208 990 iurandum

202 1016 466 1082 accommodetis!
504 1014 655 1080 Profecto
677 1017 836 1080 nontam
858 1013 1027 1098 perspicue
1049 1035 1109 1078 nos
1132 1013 1208 1077 isto·

201 1127 274 1169 rum
302 1104 462 1169 maleficia
487 1102 682 1187 videremus,
714 1101 779 1168 nisi
804 1102 893 1186 ipsos
922 1122 1034 1166 caecos
1062 1100 1210 1166 redderet
1222 1118 1242 1156 1⁰

149 1243 192 1305 36
204 1192 364 1277 cupiditas
388 1195 422 1256 et
445 1191 584 1256 avaritia
608 1195 641 1256 et
664 1190 806 1256 audacie.

151 1319 200 1369 102
269 1280 366 1344 Alter
392 1301 432 1344 ex
457 1279 531 1363 ipsa
557 1279 653 1344 caede
680 1280 844 1344 volucrem
869 1277 1019 1342 nuntium
1042 1276 1210 1342 Ameriam

202 1367 243 1433 ad
267 1367 391 1432 socium
419 1371 516 1451 atque
544 1367 624 1433 adeo
651 1367 846 1453 magistrum
874 1387 968 1430 suum
991 1364 1092 1449 misit,
1114 1369 1162 1450 ut,
1184 1367 1212 1430 si

202 1455 405 1521 dissimulare
433 1476 545 1520 omnes
572 1459 726 1540 cuperent
750 1477 783 1520 se
807 1454 902 1537 scire,
930 1453 971 1519 ad
994 1475 1091 1537 quem
1112 1454 1211 1519 male

201 1543 309 1609 ficium
341 1543 531 1629 pertineret,
563 1548 674 1609 tamen
703 1544 775 1628 ipse
806 1546 955 1628 apertum
982 1563 1077 1607 suum
1106 1543 1211 1608 scelus
1224 1558 1245 1598 1⁵

202 1635 278 1697 ante
305 1631 450 1696 omnium
477 1633 588 1699 oculos
616 1635 760 1717 poneret.
804 1630 914 1714 Alter,
944 1630 973 1695 si
1001 1629 1051 1694 dis
1078 1629 1212 1695 immor-

201 1721 323 1786 talibus
356 1721 477 1806 placet,
508 1720 733 1785 testimonium
765 1719 865 1784 etiarn
895 1719 931 1783 in
962 1715 1032 1783 Sex.
1056 1717 1213 1784 Roscium

202 1810 346 1875 dicturus
374 1812 438 1894 est,
469 1809 563 1894 quasi
589 1830 666 1874 vero
693 1808 728 1873 id
754 1829 838 1873 nunc
866 1811 996 1893 agatur,
1027 1810 1154 1891 utrum,
1185 1807 1212 1871 is

201 1897 442 2052 {ululatii
463 1895 1246 2069 full?ltffmtlsl‘lllztltltt·‚0

413 2037 420 2050 ·
1205 2034 1212 2067 r

201 2078 239 2139 ut
256 2074 290 2138 in
310 2073 455 2138 minimis
478 2074 575 2138 rebus
597 2073 745 2138 homines
769 2071 964 2158 amplissimi
985 2072 1214 2138 testimonium

149 2175 200 2223 103
220 2162 332 2226 desua
348 2183 385 2226 re
402 2183 469 2226 non
488 2160 638 2226 dicerent.
660 2162 843 2244 Africanus,
862 2160 919 2244 qui
936 2181 993 2225 suo
1018 2160 1214 2246 cognomine

202 2249 347 2313 declarat
360 2249 503 2313 'tertiam
526 2253 654 2334 partem
678 2251 767 2315 orbis
790 2253 952 2314 terrarum
975 2270 1010 2312 se
1033 2249 1214 2335 subegisse,

201 2341 324 2419 tamen,
348 2337 376 2401 si
397 2358 456 2402 sua
478 2359 530 2402 res
554 2341 719 2423 ageretur,
741 2337 965 2402 testimonium
986 2359 1055 2402 non
1077 2337 1215 2422 diceret;
1263 2415 1264 2426 ,

200 2446 278 2489 nam
290 2424 373 2489 illud
386 2425 420 2489 in
439 2425 540 2491 talem
558 2425 664 2491 virum
682 2448 747 2491 non
767 2426 868 2491 audeo
889 2425 1006 2490 dicere:
1026 2423 1062 2489 Si
1082 2425 1214 2509 diceret,
1227 2441 1248 2482 2⁵
1263 2431 1264 2480 1

200 2534 267 2578 non
291 2513 483 2579 crederetur.
525 2513 640 2579 Videte
662 2536 761 2597 nunc,
789 2537 887 2598 quam
909 2535 1004 2579 versa
1027 2517 1062 2577 et
1083 2519 1215 2580 mutata
1263 2585 1264 2588 Ν

200 2601 235 2666 in
262 2601 406 2687 peiorem
430 2606 558 2687 partem
582 2603 649 2666 sint
672 2602 789 2667 omnia.
831 2600 913 2668 Cum
936 2601 1093 2667 debonis
1118 2611 1152 2668 et
1176 2603 1214 2668 de
1263 2611 1264 2670 ἶ

200 2690 296 2756 caede
311 2694 438 2776 agatur,
455 2691 679 2757 testimonium
693 2690 837 2756 dicturus
852 2694 902 2755 est
920 2690 958 2773 is,
978 2689 1034 2774 qui
1052 2693 1086 2755 et
1106 2695 1214 2757 sector

77 2825 127 2854 .Ν.Ν
201 2782 251 2844 est
272 2782 305 2844 et
328 2779 472 2865 sicarius,
494 2780 557 2844 hoc
579 2782 629 2843 est
653 2779 708 2863 qui
731 2782 764 2843 et
786 2779 919 2844 illorum
941 2779 1089 2861 ipsorum
1112 2779 1214 2846 bono·
1263 2791 1264 2850 l

200 2889 282 2951 rum,
305 2867 344 2932 de
363 2868 480 2952 quibus
499 2868 617 2954 agitur,
641 2871 768 2952 emptor
791 2871 889 2951 atque
911 2887 1081 2952 possessor
1104 2871 1157 2932 est
1181 2872 1264 2954 etro}

201 2979 274 3021 eum
305 2956 471 3022 hominem
503 2955 711 3022 occidendum
742 2956 881 3039 curavit,
914 2956 953 3020 de
983 2955 1073 3020 cuius
1104 2960 1212 3022 morte
1263 2957 1264 3036 l

150 3057 199 3105 104
219 3045 393 3128 quaeritur.
426 3044 532 3120 Quid?
563 3047 609 3128 tu,
631 3044 682 3108 vir
701 3047 843 3129 optume,
866 3043 980 3128 ecquid
997 3043 1100 3108 habes
1126 3045 1212 3130 quod
1261 3045 1264 3084 ³

201 3132 311 3199 dicas?
334 3133 416 3197 mihi
439 3133 600 3198 ausculta:
623 3131 709 3216 vide,
731 3154 772 3197 ne
794 3132 857 3197 tibi
880 3132 979 3215 desis,
1001 3135 1058 3197 tua
1082 3154 1212 3218 quoque

199 3241 252 3285 res
265 3242 445 3307 permagna
459 3222 578 3307 agitur.
607 3220 714 3286 Multa
727 3221 892 3303 scelerate,
911 3221 1016 3286 multa
1035 3221 1211 3306 audaciter,

199 3307 305 3373 multa
322 3309 470 3393 improbe
488 3308 605 3392 fecisti,
629 3332 730 3374 unum
753 3309 958 3393 stultissime,
981 3308 1130 3394 profecto
1154 3314 1212 3376 tua
1226 3327 1250 3367 ³5

200 3400 330 3479 sponte,
362 3418 430 3462 non
457 3396 496 3462 dc
522 3397 623 3463 Eruci
655 3398 830 3462 sententia:
861 3398 946 3463 nihil
978 3419 1059 3483 opus
1083 3398 1151 3463 fuit
1178 3402 1212 3464 te

198 3481 274 3546 istic
295 3483 419 3568 sedere,
440 3485 649 3568 nequeenim
672 3490 859 3553 accusatore
882 3490 974 3552 muto
997 3507 1101 3571 neque
1124 3490 1210 3555 teste
