2604 3880
463 229 538 284 cor.
558 237 580 297 1,
599 235 650 297 aa
674 235 752 285 1-o.
1050 234 1110 298 101

101 397 153 440 me
186 375 315 460 publice
347 396 443 460 saepe
474 377 645 456 venerunt,
677 377 714 439 ut
746 395 877 441 suarum
906 375 1112 444 fortunarum

100 464 248 528 omnium
266 484 398 529 causam
417 463 698 546 defensionemque
717 463 926 548 susciperem3
946 487 997 530 me
1016 487 1112 552 saepe

100 573 172 617 csse
204 551 401 637 pollicitum,
433 573 529 636 saepe
561 551 741 616 ostendisse
773 552 937 636 dicebant,
969 554 997 620 si
1026 555 1112 640 quod

99 646 231 726 tempus
260 640 442 724 accidisset,
470 661 547 724 quo,
561 643 709 724 tempore
736 640 860 724 aliquid
887 663 907 707 a
932 665 983 708 mc
1007 643 1111 728 requi·

73 732 219 813 arerent,
243 728 422 796 commodis
445 749 556 793 eorum
579 749 631 792 me
654 749 720 794 non
742 728 937 796 defuturum.
974 730 1110 797 Venisse
1130 746 1147 796 a

101 822 233 902 tempus
266 816 411 901 aiebant,
442 838 508 883 non
534 816 600 881 iam
628 820 666 880 ut
693 818 863 882 commoda
889 839 960 900 sua,
993 819 1049 884 sed
1077 823 1113 885 ut

98 906 204 970 vitam
233 906 434 990 salutemque
463 904 564 970 totius
587 905 773 990 provinciae
797 905 1014 992 defenderem
1041 929 1111 974 sese

98 995 164 1059 iam
195 1015 237 1059 ne
265 994 342 1059 deos
370 994 500 1078 quidem
526 993 561 1057 in
589 993 655 1058 suis
683 993 832 1078 urbibus,
862 995 902 1059 ad
931 1017 1012 1078 quos
1040 1017 1113 1061 con·

99 1081 269 1169 fugerent,
296 1082 430 1164 habere,
458 1082 542 1167 quod
571 1103 682 1146 eorum
711 1082 884 1148 simulacra
907 1085 1113 1150 sanctissima

58 1187 85 1226 >¹0
100 1169 134 1236 Ο.
149 1170 271 1236 Verres
291 1192 330 1234 cx
349 1170 492 1236 delubris
514 1169 769 1255 religiosissimis
793 1172 989 1237 sustulisset.
1025 1170 1112 1248 Quas

98 1281 150 1324 res
174 1259 320 1324 luxuries
343 1259 379 1323 in
400 1258 550 1343 flagitiis,
576 1259 750 1323 crudelitas
773 1260 808 1323 in
831 1260 1014 1345 suppliciis,
1037 1283 1112 1326 ava·

98 1349 177 1413 ritia
206 1347 242 1411 in
268 1347 405 1432 rapinis,
433 1346 585 1431 superbia
612 1347 647 1410 in
673 1347 879 1412 contumeliis
908 1348 1033 1414 efficere
1058 1371 1112 1434 po·

98 1437 230 1519 tuisset,
249 1457 303 1500 eas
318 1456 431 1500 omnes
446 1455 516 1499 sese
529 1434 591 1500 hoc
608 1456 672 1500 uno
688 1440 841 1520 praetore
860 1458 918 1520 per
935 1437 1113 1502 triennium

99 1525 290 1609 pertulisse3
318 1545 434 1609 rogare
463 1526 496 1588 et
523 1545 630 1606 orare,
656 1545 697 1588 ne
719 1523 796 1590 illos
820 1525 982 1608 supplices
1006 1547 1112 1610 asper·

63 1628 85 1669 1⁵
99 1635 208 1696 narer,
222 1634 304 1697 quos
317 1635 369 1677 me
379 1611 534 1678 incolumi
545 1612 666 1676 nemini
679 1612 840 1696 supplices
853 1634 923 1680 csse
938 1617 1112 1699 oporteret.
1131 1665 1153 1728 2

165 1701 244 1765 Tuli
263 1700 409 1785 graviter
428 1704 462 1765 et
484 1701 607 1783 acerbe,
629 1699 760 1785 iudices,
782 1701 815 1764 in
836 1723 907 1765 eum
929 1723 982 1766 mo
1004 1702 1148 1790 locum4

98 1790 232 1873 adduci,
259 1793 297 1854 nt
324 1791 381 1854 aut
408 1810 464 1854 cos
491 1787 640 1855 homines
667 1810 741 1873 spes
766 1787 910 1870 falleret,
938 1789 994 1873 qui
1017 1810 1113 1873 opem

99 1902 118 1942 a
144 1901 202 1942 me
229 1881 328 1962 atque
356 1877 511 1942 auxilium
534 1876 706 1961 petissent,
734 1880 792 1942 aut
814 1897 889 1962 ego,
918 1877 973 1961 qui
997 1898 1049 1941 mc
1072 1878 1112 1942 ad

99 1965 320 2032 defendendos
334 1965 482 2030 homines
497 1965 538 2030 ab
554 1965 686 2029 ineunte
705 1964 925 2030 adulescentia
944 1965 1112 2047 dedissem,

61 2071 85 2110 20
98 2060 250 2140 tempore
262 2057 361 2139 atque
373 2053 479 2119 officio
493 2058 624 2118 coactus
637 2053 678 2117 ad
690 2052 904 2118 accusandum
918 2053 1112 2118 traducerer.

98 2143 260 2208 Dicebam
283 2141 481 2208 heberaeos
505 2145 648 2207 actorem
671 2139 708 2217 Q.
728 2139 917 2223 Caecilium,
941 2143 997 2225 qui
1019 2163 1112 2226 prae-

98 2231 217 2297 sertim
237 2235 390 2315 quaestor
408 2231 444 2294 in
466 2227 577 2295 Sicilia
599 2229 767 2314 provincia
789 2228 914 2294 fuisset.
956 2227 1026 2305 Quo
1050 2251 1111 2316 ego

98 2320 289 2385 adiumento
315 2319 487 2404 sperabam
509 2318 593 2383 hanc
617 2340 637 2382 a
659 2339 711 2382 me
733 2339 829 2402 posse
852 2319 1036 2382 molestiam
1061 2319 1111 2383 de·

98 2408 241 2491 moveri,
263 2407 297 2472 id
319 2407 401 2472 mihi
424 2410 496 2472 erat
518 2406 739 2471 adversarium
762 2406 910 2472 maxime.
952 2405 1037 2471 Nam
1061 2407 1112 2471 illi

63 2511 86 2552 ²5
99 2497 209 2562 multo
241 2495 322 2560 mibi
353 2495 415 2560 hoc
445 2494 574 2561 facilius
607 2493 821 2578 remisissent,
854 2494 883 2558 si
913 2494 1014 2559 istum
1046 2517 1113 2560 non

98 2588 252 2668 nossent,
283 2587 339 2649 aut
366 2584 395 2649 si
421 2584 484 2648 iste
513 2583 599 2668 apud
626 2604 681 2648 cos
714 2586 868 2666 quaestor
894 2604 960 2646 non
986 2583 1111 2648 fuisset.

99 2673 272 2738 Adductus
291 2693 373 2755 sum,
391 2672 521 2755 indices,
544 2671 660 2754 officio,
682 2670 754 2754 fide,
778 2670 1007 2754 misericordia,
1031 2672 1147 2735 mul-o

99 2766 212 2827 torum
232 2759 394 2826 bonorum
417 2760 574 2845 exemplo,
597 2762 706 2824 vetere
730 2758 961 2823 consuetudine
983 2759 1112 2823 institu-

101 2853 204 2934 toque
231 2849 405 2932 maiorum,
436 2852 475 2912 ut
502 2869 584 2913 onus
610 2846 707 2912 huius
735 2847 859 2912 laboris
889 2851 986 2930 atque
1014 2845 1114 2910 officii

63 2951 167 3002 wnon
196 2958 235 3001 ex
262 2958 348 3021 meo,
377 2937 433 3000 sed
458 2957 497 3000 ex
519 2957 665 3000 meorum
687 2936 943 3000 necessariorum
966 2936 1113 3018 tempore

101 3026 183 3090 mihi
208 3025 447 3110 suscipiendum
468 3027 626 3108 putarem.

169 3113 241 3189 Quo
264 3113 305 3193 in¹
321 3113 454 3200 negotio
477 3116 588 3177 tamen
609 3113 670 3177 illa
692 3132 744 3177 me
766 3133 828 3194 res,
851 3110 980 3192 iudices,
1003 3129 1115 3175 conso·

101 3203 204 3286 latur,
236 3201 323 3285 quod
350 3202 443 3284 haec,
476 3222 557 3284 quae
585 3200 712 3266 videtur
740 3220 810 3264 csse
838 3197 1001 3263 accusatio
1033 3219 1115 3281 mea,

101 3311 169 3354 non
196 3290 306 3374 potius
331 3289 493 3355 accusatio
517 3311 615 3374 quam
643 3288 786 3353 defensio
815 3289 866 3350 est
892 3285 1116 3351 existimanda.

64 3377 250 3443 abolendo
274 3378 360 3442 enim
382 3377 503 3442 multos
527 3378 693 3459 mortales,
716 3375 837 3440 multas
861 3373 1019 3457 civitates,
1043 3396 1118 3458 pro·

103 3466 247 3531 vinciam
279 3465 423 3532 Siciliam
449 3470 563 3531 totam.
609 3464 714 3542 Quam
741 3463 783 3528 ob
813 3484 895 3546 rem,
927 3463 1004 3547 quia
1037 3463 1118 3528 milri

104 3576 189 3619 unus
203 3557 255 3619 est
273 3554 480 3638 accusandus,
497 3576 597 3641 prope
616 3553 747 3619 modum
765 3572 896 3616 manere
912 3551 948 3616 in
965 3551 1117 3617 instituto
