2558 3884
189 181 254 246 272
490 177 529 231 nr
548 177 577 231 o.
591 176 746 232 menan
764 176 842 231 scu
861 176 895 230 u.

188 323 383 405 hominibus,
401 325 438 386 ut
453 321 522 402 [ab]
541 321 582 386 iis
601 323 663 402 [se]
683 321 870 386 abstineant
888 321 1027 384 maxime
1046 320 1148 405 vitiis,
1166 321 1201 384 in

189 413 306 497 quibus
334 411 473 476 alterum
501 409 775 494 reprehenderint.
824 407 942 474 Furem
970 409 1115 493 aliquem
1144 413 1200 474 aut
1270 435 1271 462 i

188 521 338 586 rapacem
370 498 544 582 accusaris,
580 497 715 562 vitanda
745 497 808 561 tibi
840 519 967 582 semper
996 498 1060 562 erit
1094 499 1200 563 omnis

188 587 345 655 avaritiae
364 587 518 671 suspicio,
541 585 724 651 maleficum
743 585 928 671 quempiam
946 585 1119 650 adduxeris
1144 591 1200 651 aut

188 677 359 759 crudelem,
379 675 556 740 cavendum
570 674 633 738 erit
649 695 785 759 semper,
802 695 843 738 ne
863 696 928 758 qua
944 673 979 738 in
997 696 1033 738 re
1052 675 1224 758 asperiore

188 770 245 831 aut
258 763 466 829 inhumanior
478 763 579 827 fuisse
595 763 737 846 videare3
754 767 986 847 corruptorem,
1004 762 1201 848 adulterum,
1270 791 1271 810 ¹

187 853 422 939 providendum
453 851 639 936 diligenter,
670 872 711 915 ne
741 850 828 934 quod
858 850 893 914 in
922 850 991 915 rita
1020 852 1201 936 vestigium

187 941 332 1008 libidinis
351 945 521 1025 appareat3
544 939 653 1003 omnia
670 942 846 1024 postremo,
865 960 947 1022 quae
965 939 1143 1004 vindicaris
1166 941 1201 1005 in

188 1031 306 1114 altero,
335 1028 489 1112 tibiipsi
515 1028 723 1093 vehementer
749 1027 904 1113 fugiende
932 1032 1016 1092 sunt.
1065 1027 1200 1094 Etenim
1270 1045 1271 1068 ³

186 1142 254 1184 non
266 1117 363 1183 modo
377 1119 554 1199 accusator,
573 1114 629 1180 sed
641 1137 682 1180 ne
697 1115 889 1201 obiurgator
903 1116 1034 1200 quidam
1046 1116 1200 1182 ferendus
1213 1134 1235 1174 1⁰

188 1207 302 1289 estis,
330 1205 398 1289 qui,
425 1204 511 1288 quod
532 1203 568 1268 in
591 1205 695 1268 altero
718 1204 835 1269 vitium
857 1203 1079 1288 reprehendit,
1103 1206 1139 1269 in
1162 1228 1199 1271 eo

151 1295 257 1379 oipse
280 1293 538 1377 deprehenditur.
579 1291 651 1378 Ego
674 1292 710 1356 in
732 1313 796 1357 uno
819 1291 951 1357 homine
975 1293 1087 1357 omnia
1109 1295 1198 1378 vitia,
1270 1373 1271 1376 Ἴ

187 1404 269 1465 quae
283 1384 422 1466 possunt
435 1381 470 1444 in
487 1380 618 1445 homine
636 1380 764 1464 perdito
782 1379 971 1464 nefarioque
991 1401 1072 1464 esse,
1091 1404 1198 1466 repre-

185 1469 307 1553 hendo3
333 1469 461 1533 nullum
488 1490 559 1533 esse
586 1469 657 1534 dico
687 1469 840 1533 indicium
868 1468 1027 1553 libidinis,
1057 1471 1197 1555 sceleris,

186 1557 352 1641 audaciae,
385 1557 471 1641 quod
501 1578 567 1622 nou
598 1557 634 1622 in
664 1557 760 1620 istius
791 1557 886 1621 unius
916 1559 986 1622 rita
1013 1560 1197 1643 perspicere
1211 1575 1234 1614 1⁵

185 1645 329 1732 possitis.
373 1644 464 1730 Ergo
487 1645 523 1708 in
544 1645 610 1710 isto
632 1667 688 1710 reo
712 1645 818 1730 legem
841 1644 925 1710 hanc
948 1645 1044 1729 milri,
1067 1647 1197 1732 iudices,

186 1739 309 1818 statuo,
340 1733 513 1799 vivendum
544 1734 593 1798 ita
620 1755 703 1816 esse,
735 1738 772 1798 ut
798 1733 856 1797 isti
881 1755 948 1798 non
975 1735 1073 1800 modo
1102 1737 1197 1801 factis

64 1842 67 1846 ·
186 1823 344 1907 dictisque
377 1821 540 1903 omnibus,
572 1821 629 1886 sed
659 1822 758 1887 etiem
785 1822 850 1887 oris
879 1823 1114 1908 oculorumque
1141 1825 1197 1889 illa

185 1911 389 1977 contumacia
416 1933 453 1975 ac
481 1910 645 1994 superbia,
674 1932 772 1992 quam
798 1909 930 1994 videtis,
957 1911 1197 1978 dissimillimus

185 2021 256 2064 esse
288 2021 325 2064 ac
355 2019 482 2083 semper
510 1998 611 2062 fuisse
638 1998 758 2062 videar.
806 1997 932 2082 Patior,
963 2021 1031 2064 non
1059 2002 1234 2066 molestes

184 2087 263 2171 fero,
286 2087 416 2170 iudices,
439 2108 511 2151 eam
533 2087 645 2170 vitam,
668 2108 750 2169 quae
773 2086 854 2151 mihi
870 2109 936 2152 sua
958 2091 1078 2172 sponte
1103 2095 1199 2155 antea

184 2175 323 2240 iucunda
350 2175 461 2258 fuerit,
488 2175 662 2240 nunciam
685 2196 758 2240 mea
780 2174 853 2261 lege
876 2179 909 2239 et
931 2175 1125 2243 condicione
1147 2201 1199 2244 ne

185 2263 359 2327 cessariam
384 2284 511 2347 quoque
533 2262 687 2328 futuram.

150 2320 171 2447 63
251 2350 296 2415 Et
322 2352 358 2415 in
383 2351 446 2416 hoc
472 2351 603 2416 homine
626 2372 722 2435 saepe
746 2373 766 2415 a
788 2373 840 2416 me
864 2351 1006 2436 quaeris,
1028 2353 1197 2439 Hortensi,

185 2438 302 2521 quibus
329 2439 508 2504 inimicitiis
536 2443 593 2504 aut
621 2461 685 2523 qua
711 2439 830 2504 iniuria
857 2439 1014 2505 adductus
1039 2443 1083 2506 ad
1108 2466 1196 2510 acen·
1209 2460 1233 2499 ²⁵

185 2527 321 2591 sendum
340 2527 579 2592 descenderim?
619 2527 717 2592 Mitto
735 2528 802 2592 iam
825 2528 984 2593 rationem
1008 2529 1112 2596 officii
1135 2532 1196 2596 mei

183 2615 494 2698 necessitudinisque
522 2613 717 2699 Siculorum,
750 2616 789 2680 de
816 2616 905 2700 ipsis.
923 2616 986 2680 tibi
1013 2617 1195 2685 inimicitiis
1270 2661 1271 2676 .

182 2703 371 2787 respondeo.
407 2701 461 2766 An
478 2706 517 2767 tu
534 2704 674 2768 maiores
692 2704 777 2768 ullas
796 2704 982 2770 inimicitias
1002 2711 1103 2790 putas
1127 2729 1196 2772 esse

184 2813 282 2874 quam
315 2791 495 2856 contrarias
522 2791 691 2856 hominum
719 2792 896 2857 sententias
924 2815 962 2858 ac
989 2793 1196 2860 dissimilitu-

184 2879 275 2944 dines
288 2877 469 2942 studiorum
481 2901 520 2944 ec
531 2880 760 2945 voluntatum?
778 2879 890 2945 Fidem
905 2881 1149 2949 sanctissimam
1162 2885 1197 2948 in
1209 2900 1233 2940 ³0

182 2968 252 3032 vita
266 2967 321 3051 qui
335 2970 439 3051 putat,
456 2971 566 3050 potest
580 2970 609 3033 ei
622 2990 689 3033 non
701 2968 851 3034 inimicus
866 2981 945 3053 esse,
964 2970 1020 3054 qui
1039 2977 1196 3056 quaestor

183 3055 349 3120 consulem
378 3076 472 3120 suum
499 3056 644 3121 consiliis
672 3057 867 3141 commissis,
896 3059 1034 3142 pecunia
1061 3062 1196 3145 tradita,

182 3144 279 3207 rebus
307 3143 457 3208 omnibus
485 3144 614 3208 creditis
643 3145 796 3228 spoliare,
824 3145 1020 3230 relinquere,
1039 3133 1196 3233 prodere,

183 3252 372 3316 oppugnare
407 3253 502 3296 ausus
536 3231 601 3297 sit?
649 3232 807 3298 Pudorem
844 3255 881 3298 aa
912 3235 1105 3317 pudicitiam
1138 3240 1195 3323 qui

182 3317 273 3399 colit,
305 3321 415 3400 potest
443 3320 550 3384 animo
579 3342 681 3404 aequo
709 3321 804 3386 istius
832 3322 996 3388 cotidiana
1023 3325 1196 3410 adulteria,
1209 3344 1232 3384 ⁸⁵
1270 3405 1271 3410 γ

182 3403 398 3468 meretriciam
431 3407 646 3490 disciplinam,
679 3407 891 3475 domesticum
923 3412 1122 3480 lenocinium
1150 3416 1196 3480 vi·
1270 3437 1271 3446 ¹

182 3487 277 3550 dere?
328 3488 390 3562 Qui
421 3493 597 3576 religiones
628 3495 759 3560 deorum
789 3498 1024 3565 immortalium
1052 3502 1196 3570 retinere
