2558 3884
187 191 252 254 286
490 191 529 244 m
548 188 577 244 e.
592 188 747 274 vanam
764 188 844 244 uer.
862 188 897 243 11.

134 349 167 397 42
187 333 384 418 optimarum
416 355 454 399 ac
485 333 666 418 principem
697 332 915 398 imitabuntur
947 355 1071 398 omnes.
1123 333 1205 410 Quis

187 426 299 487 arator
325 424 359 487 te
384 425 537 506 praetore
565 422 732 488 decumam
760 421 861 506 dedit,
889 421 962 505 quis
991 422 1094 487 duas?
1129 422 1205 506 quis

185 531 252 575 non
271 510 413 576 maximo
433 531 467 576 se
486 509 650 576 adfectum
668 510 824 576 beneficio
843 510 981 594 putavit,
1000 532 1075 576 cum
1092 511 1204 576 tribus

187 597 329 663 decumis
361 620 421 684 pro
451 621 516 664 una
544 598 787 686 defrmgeretur,
818 602 949 684 praeter
975 620 1112 683 paucos,
1146 601 1204 684 qui

186 690 320 772 propter
339 688 528 753 societatem
546 687 710 753 furtorum
727 691 859 752 tuorum
880 687 965 751 nihil
989 687 1126 752 omnino
1149 689 1231 753 dez»
1275 715 1276 764 l

187 775 324 841 derunt?
365 775 463 860 Vide,
485 777 572 841 inter
590 776 862 861 inportunitatem
885 779 977 840 tuam
1001 779 1203 860 senatusque
1275 765 1276 794 ¹

185 864 368 930 bonitatem
387 865 464 949 quid
481 864 622 930 intersit.
663 862 803 929 Senatus
827 887 900 929 cum
923 864 1128 948 temporibus
1151 867 1202 930 rei
1275 861 1276 946 l

185 953 336 1038 publicae
354 954 491 1040 cogitur,
513 957 551 1018 ut
569 953 729 1037 decernat,
751 957 789 1018 ut
812 953 934 1018 alterae
958 951 1113 1018 decumae
1136 954 1202 1018 exi-

186 1044 319 1127 gantur,
342 1042 390 1106 ita
411 1042 566 1126 decernit,
588 1045 627 1106 ut
647 1063 708 1126 pro
731 1041 783 1106 his
807 1041 949 1106 decumis
972 1042 1112 1126 pecunia
1135 1043 1201 1106 sol·
1275 1051 1276 1060 ’

185 1133 282 1194 vatur
296 1131 489 1214 aratoribus,
507 1133 553 1214 ut,
573 1130 660 1214 quod
673 1131 747 1214 plus
767 1130 916 1212 sumitur,
935 1150 1035 1214 quam
1054 1130 1241 1206 debetur,1⁰
1275 1173 1276 1178 κ

186 1217 220 1283 id
239 1219 311 1301 emi,
332 1240 400 1283 non
419 1217 540 1283 auferri
557 1222 704 1303 putetur3
726 1221 764 1282 tu
787 1240 860 1282 eum
882 1221 935 1282 tot
958 1216 1110 1282 decumas
1134 1240 1202 1283 non
1275 1291 1276 1294 Ἴ

187 1310 318 1370 senatus
352 1307 515 1390 consulto,
547 1306 604 1371 sed
635 1305 729 1371 novis
759 1306 873 1371 edictis
903 1307 971 1370 tuis
998 1306 1201 1391 nefariisque

185 1393 347 1458 institutis
383 1393 530 1480 exigeres
568 1398 601 1460 et
637 1395 791 1479 eriperes,
827 1415 983 1480 magnum
1015 1397 1049 1458 te
1084 1395 1201 1460 fecisse

186 1481 359 1564 arbitrare,
392 1482 421 1547 si
452 1482 556 1566 pluris
588 1481 770 1548 vendideris
803 1503 901 1566 quam
930 1481 965 1547 L.
990 1481 1201 1568 Hortensius,

184 1573 278 1652 pater
304 1569 400 1634 istius
425 1569 463 1646 Q.
482 1570 653 1654 Hortensi,
681 1592 779 1654 quam
807 1569 865 1636 On.
883 1571 1072 1655 Pompeius,
1100 1593 1198 1656 quam
1215 1588 1239 1629 1⁵

185 1655 220 1724 O.
239 1658 426 1743 Marcellus,
450 1659 506 1742 qui
528 1659 569 1724 ab
593 1659 772 1743 aequitate,
794 1659 836 1724 ab
859 1659 947 1745 lege,
969 1658 1012 1724 ab
1034 1659 1200 1725 institutis

183 1766 252 1813 non
273 1747 498 1812 recesserunt?

133 1841 165 1891 43
251 1835 305 1900 An
322 1836 384 1901 tibi
402 1835 498 1900 unius
517 1835 594 1900 anni
617 1838 674 1900 aut
696 1835 819 1899 biennii
841 1833 927 1900 ratio
949 1835 1014 1901 fuit
1036 1835 1199 1918 habenda,
1275 1851 1276 1858 ’

184 1927 273 1990 salus
296 1924 489 2008 provinciae,
513 1923 683 1989 commoda
705 1923 753 1988 rei
774 1923 1016 2008 frumentariae,
1039 1925 1127 1990 ratio
1152 1925 1200 1990 rei

183 2013 332 2097 publicae
359 2013 394 2077 in
420 2012 649 2097 posteritatem
675 2011 739 2077 fuit
765 2011 991 2097 neglegenda?
1024 2035 1100 2078 eum
1128 2035 1197 2078 rem
1212 2030 1238 2070 ²0

183 2101 231 2165 ita
250 2100 463 2166 constitutam
483 2099 671 2183 accepisses,
694 2104 731 2164 ut
750 2103 783 2164 et
801 2100 922 2183 populo
940 2099 1091 2165 Romano
1115 2102 1199 2166 satis

181 2188 339 2252 frumenti
357 2209 396 2252 cx
414 2185 526 2254 Sicilia
544 2187 805 2272 suppeditaretur
824 2193 858 2254 et
874 2189 1061 2254 aratoribus
1085 2193 1199 2255 tamen

183 2297 276 2340 arare
295 2279 393 2359 atque
412 2297 509 2362 agros
529 2277 634 2342 colere
653 2275 826 2360 expediret,
849 2277 927 2360 quid
949 2277 1096 2362 effecisti,
1120 2279 1199 2363 quid

183 2363 354 2429 adsecutus
392 2365 448 2429 es?
498 2363 546 2430 Ut
577 2365 699 2450 populo
730 2365 879 2429 Romano
910 2365 1019 2430 nescio
1052 2366 1132 2451 quid
1164 2371 1198 2431 te
1275 2413 1276 2422 η

182 2455 333 2536 praetore
360 2451 401 2516 ad
429 2452 580 2518 decumas
608 2453 786 2538 accederet,
814 2453 1005 2518 deserendas
1028 2455 1196 2520 arationes
1210 2469 1234 2509 ²⁵

182 2539 474 2624 relinquendasque
506 2541 636 2606 curasti
687 2539 849 2607 Successit
879 2541 942 2606 tibi
970 2541 1006 2607 L.
1031 2541 1197 2608 Metellus.

183 2628 233 2693 Tu
259 2628 463 2694 innocentior
489 2651 587 2713 quam
608 2628 775 2712 Metellus,
802 2632 840 2695 tu
866 2629 970 2695 laudis
999 2632 1033 2695 et
1060 2631 1196 2696 honoris

178 2716 350 2802 cupidior?
382 2717 444 2781 tibi
472 2717 558 2782 enim
585 2718 774 2782 consulatus
799 2718 1028 2802 quaerebatur,
1060 2718 1196 2784 Metello

183 2810 338 2890 paternus
352 2806 457 2871 honos
472 2810 505 2870 et
523 2805 631 2871 avitus
649 2807 894 2892 neglegebatur.
930 2805 1038 2872 Multo
1057 2807 1196 2874 minoris

183 2895 328 2960 vendidit
344 2916 411 2959 non
428 2893 525 2958 modo
545 2916 644 2977 quam
661 2897 708 2978 tu,
731 2894 788 2960 sed
806 2894 905 2959 etiam
924 2916 1022 2978 quem
1042 2896 1100 2980 qui
1119 2901 1196 2962 ante
1209 2912 1235 2952 ⁸0

133 2980 217 3047 llte
244 2982 465 3048 vendiderunt.
515 2981 656 3066 Quaero,
688 2981 717 3046 si
743 2981 814 3066 ipse
841 2983 1026 3068 excogitare
1049 3005 1118 3050 non
1141 3007 1196 3069 pe

183 3074 305 3154 tuerat,
334 3069 494 3155 quemad
517 3071 648 3136 modum
673 3091 770 3154 quam
793 3070 935 3155 plurimo
958 3071 1128 3157 venderet,
1155 3095 1196 3138 ne

182 3162 241 3224 tua
273 3159 403 3242 quidem
430 3158 572 3223 recentia
598 3159 748 3242 proxumi
774 3159 934 3243 praetoris
957 3159 1102 3246 vestigia
1124 3183 1196 3246 per·

184 3247 276 3328 sequi
302 3250 444 3330 poterat,
471 3250 509 3311 ut
535 3246 602 3310 tuis
629 3247 806 3329 praeclaris
834 3247 892 3312 abs
919 3250 953 3313 te
977 3247 1126 3332 principe
1149 3249 1196 3314 in·

183 3333 289 3397 ventis
309 3337 342 3397 et
365 3335 558 3418 excogitatis
582 3334 694 3400 edictis
719 3338 817 3420 atque
839 3335 999 3401 institutis
1023 3338 1232 3403 utereturi&

130 3428 165 3476 44
185 3418 245 3482 llle
263 3440 340 3484 vero
359 3424 430 3484 tum
452 3442 487 3484 se
510 3421 642 3486 minime
661 3422 830 3487 Metellum
852 3422 923 3489 fore
946 3425 1085 3509 putavit,
1109 3427 1140 3490 si
1162 3430 1195 3490 te
1275 3435 1276 3440 ’

183 3504 252 3565 ulla
278 3505 313 3567 iu
339 3527 374 3569 re
401 3507 549 3572 imitatus
578 3513 676 3593 esset3
705 3511 760 3592 qui
787 3511 829 3576 ab
856 3512 937 3577 urbe
959 3512 1078 3596 Roma,
1107 3514 1197 3598 quod
