2524 3876
390 182 467 239 cnr.
486 189 575 238 a-1o
594 192 608 250 e
627 189 741 238 aa-ae.
1026 187 1066 250 41

57 351 129 395 sese
152 351 271 396 nornen
296 326 366 394 Sex.
389 327 488 394 Rosci
512 328 550 393 de
573 328 696 393 tabulis
719 334 957 414 exemptarum,
980 353 1071 416 prae·

57 419 111 483 dia
140 439 242 483 vacua
271 416 340 482 filio
371 417 581 500 traditurum,
613 439 749 501 cumque
780 418 814 482 id
845 419 893 484 ita
924 419 1071 485 futurum

55 508 91 572 Τ.
114 506 253 574 Roscius
278 503 408 590 Capito,
432 505 488 588 qui
510 505 546 570 in
569 505 677 571 decem
700 507 820 592 legatis
845 511 928 591 erat,
957 531 1071 594 appro-

56 596 215 674 mitterct‚
234 594 452 678 crediderunt3
474 593 641 660 Ameriam
659 616 694 659 re
713 595 841 660 inorata
859 600 1071 662 reverterunt.

15 712 28 751 5
56 684 107 750 Ac
135 683 243 768 primo
271 704 340 747 rem
368 683 495 747 differre
525 683 643 748 cotidie
675 705 713 748 ac
744 684 983 768 procrastinare
1014 686 1072 750 isti

56 775 249 857 coeperunt,
277 771 390 836 deinde
414 771 582 855 aliquanto
606 771 726 836 lentius
748 773 831 836 nihil
856 793 952 860 agere
973 778 1071 858 atque

57 859 220 944 deludere,
242 863 417 944 postremo,
440 859 473 924 id
497 860 584 944 quod
606 860 702 926 facile
720 860 924 926 intellectum
943 866 1002 947 est,
1024 861 1072 926 in·

56 950 160 1013 sidias
193 949 280 1036 vitae
312 947 444 1013 huiusce
477 946 547 1014 Sex.
579 947 677 1014 Rosci
707 970 823 1033 parare
861 971 965 1034 neque
1002 971 1072 1015 sese

58 1037 217 1102 arbitrari
243 1057 339 1121 posse
367 1036 488 1100 diutius
516 1036 656 1102 alienam
678 1037 847 1122 pecuniam
870 1037 1000 1103 domino
1023 1039 1127 1152 in-10

18 1155 45 1195 10
58 1125 182 1192 columi
212 1125 367 1210 optinere.
418 1123 512 1200 Quod
540 1125 594 1190 hic
627 1124 724 1190 simul
757 1129 854 1210 atqua
886 1127 1002 1208 sensit,
1034 1127 1072 1190 dc
1091 1166 1125 1216 27

59 1214 239 1280 amicorum
266 1216 542 1301 cognatorumque
569 1213 732 1278 sententia
757 1213 897 1280 Romam
924 1215 1073 1301 confugit

58 1307 93 1367 et
115 1323 188 1367 sese
211 1301 253 1367 ad
276 1300 459 1383 Caeciliam,
482 1300 660 1386 †Nepctis
683 1302 794 1386 filiam,
819 1325 916 1386 quam
939 1302 1073 1368 honoris

56 1413 158 1456 causa
175 1391 319 1474 nomino,
337 1391 485 1473 eontulit,
503 1411 568 1474 qua
585 1394 679 1474 pater
697 1412 774 1454 usus
793 1395 864 1457 crat
877 1391 1074 1476 plurimum3

1 1489 2 1492 ’
56 1480 92 1543 in
115 1501 183 1564 qua
205 1478 354 1562 muliere,
383 1478 517 1562 iudices,
547 1478 647 1544 etiam
669 1500 767 1561 nunc,
794 1478 828 1543 id
851 1479 938 1562 quod
961 1501 1074 1544 omnes

20 1588 191 1652 asemper
219 1566 499 1649 existimaverunt,
528 1566 622 1650 quasi
651 1566 789 1651 exempli
812 1588 911 1632 causa
933 1569 1073 1654 vestigia

59 1655 188 1739 antiqui
225 1654 324 1719 officii
355 1656 532 1719 remanent,
576 1653 627 1719 'Ea
650 1651 720 1719 Ser.
747 1654 902 1720 Roscium
934 1656 1074 1740 inopem,

59 1745 200 1810 eiectum
215 1742 311 1808 domo
326 1746 423 1826 atque
438 1744 608 1826 expulsum
627 1764 667 1806 cr
685 1742 752 1808 suis
771 1742 875 1827 bonis,
894 1743 1074 1828 fugientem

57 1835 228 1898 latronum
259 1831 327 1896 tela
360 1835 392 1895 et
424 1831 529 1894 minas
562 1830 683 1916 recepit
719 1831 850 1896 domurn
887 1831 1074 1916 hospitique

59 1941 219 2006 oppresso
241 1919 307 1984 iam
331 1918 564 2005 desperatoque
588 1918 629 1983 ab
654 1918 804 1984 omnibus
828 1919 989 2004 opitulata
1015 1925 1074 1984 cst,

18 2039 44 2078 20
57 2009 142 2074 Eius
165 2008 297 2090 virtute,
318 2007 390 2090 fide,
413 2007 585 2092 diligentia
606 2006 730 2072 facturn
754 2011 813 2090 est,
835 2011 872 2072 ut
893 2008 946 2072 hic
964 2007 1074 2092 potius

57 2099 154 2164 vivus
177 2097 212 2160 in
235 2117 308 2161 reos
332 2118 430 2180 quam
453 2095 576 2161 occisus
599 2095 635 2159 in
657 2096 858 2180 proscriptos
889 2096 1073 2161 referretur.

126 2183 216 2250 Nam
238 2187 413 2270 postquam
435 2184 493 2248 isti
510 2183 741 2248 intellexerunt
758 2206 887 2249 summa
905 2184 1075 2270 diligentia
1093 2207 1129 2258 aa

58 2275 165 2341 vitam
192 2270 264 2338 Ser.
291 2271 389 2338 Rosci
416 2271 572 2337 custodiri
598 2293 702 2356 neque
738 2272 802 2336 sibi
833 2273 935 2338 ullam
967 2273 1074 2338 caedis

57 2361 227 2428 faciendae
251 2364 449 2446 potestatem
471 2360 550 2444 dari,
573 2361 745 2426 consilium
765 2365 920 2446 ceperunt
942 2363 1075 2446 plenum

21 2479 46 2520 as
60 2450 195 2517 sceleris
218 2453 251 2515 et
274 2449 436 2534 audaciae,
458 2452 495 2513 ut
516 2470 635 2514 nomen
656 2449 752 2514 huius
775 2449 814 2514 dc
832 2450 1005 2534 parricidio
1025 2450 1076 2515 de-

58 2540 195 2622 ferrent,
218 2542 255 2603 ut
278 2537 319 2603 ad
342 2559 414 2603 eam
436 2559 505 2601 rem
529 2537 671 2621 aliquem
692 2541 914 2603 accusatorem
932 2542 1075 2605 veterem

60 2630 303 2712 compararent,
331 2625 386 2710 qui
413 2624 452 2690 de
480 2647 519 2690 ca
544 2646 580 2690 re
606 2629 719 2709 posset
746 2626 850 2692 dicero
878 2626 1014 2710 aliquid,
1041 2627 1076 2690 in
1205 2703 1206 2706 Ἴ

60 2739 126 2801 qua
149 2737 185 2779 re
208 2715 301 2778 nulla
324 2714 472 2789 subesset
501 2713 656 2798 suspicio,
684 2714 821 2800 denique
844 2719 895 2800 ut,
923 2715 1077 2798 quoniam

61 2803 198 2870 crimine
224 2825 291 2868 non
318 2805 485 2886 poterant,
512 2807 660 2886 tempore
686 2802 758 2887 ipso
787 2807 979 2889 pugnarent.
1023 2801 1077 2866 lta

22 2921 49 2960 eo
62 2892 155 2976 loqui
173 2891 335 2956 homines:
357 2889 455 2974 ‘quod
473 2889 591 2955 iudicia
608 2893 679 2954 tam
697 2889 752 2955 diu
769 2890 858 2957 facta
875 2912 942 2955 non
959 2894 1078 2971 essent,

62 2979 271 3046 condemnari
295 3001 368 3043 eum
391 2982 550 3063 oportere,
573 2978 629 3062 qui
652 2977 776 3063 primus
799 2980 834 3044 in
851 2978 1004 3043 iudicium
1024 2978 1077 3042 ad·

63 3070 178 3134 duetus
202 3071 303 3151 csset3
325 3067 399 3132 huic
423 3070 532 3132 autem
555 3070 711 3151 patronos
735 3071 869 3152 propter
892 3064 1079 3152 Chrysogoss

62 3158 96 3221 ni
123 3156 267 3244 gratiam
297 3156 477 3240 defuturos;
509 3154 548 3219 de
576 3154 736 3236 bonorum
764 3154 948 3220 venditione
976 3158 1009 3219 et
1039 3155 1079 3218 de

62 3246 128 3310 ista
156 3245 314 3310 socictate
341 3244 477 3309 verbum
505 3264 575 3308 esse
606 3243 768 3308 facturum
799 3242 977 3327 neminem3
1005 3243 1079 3327 ipso

24 3359 49 3402 ae
63 3332 193 3400 nemine
220 3331 388 3417 parricidii
410 3335 443 3396 et
466 3331 639 3397 atrocitate
670 3331 813 3396 criminis
845 3330 928 3414 fore,
960 3334 997 3396 ut
1026 3331 1079 3396 hic

62 3423 154 3487 nullo
177 3421 313 3504 negotio
337 3420 516 3503 tolleretur,
540 3441 614 3484 cum
633 3421 673 3484 ab
693 3420 783 3484 nullo
804 3418 953 3484 defensus
972 3417 1080 3485 esset?

62 3509 136 3576 Hoc
158 3507 296 3575 consilio
321 3512 418 3592 atquc
442 3507 521 3573 adeo
549 3508 611 3572 hac
640 3508 782 3573 amentia
808 3507 955 3594 impulsi,
984 3531 1079 3594 quem
1098 3529 1132 3578 aa
