2604 3880
481 184 557 240 cnr.
579 193 607 255 1,
626 193 642 242 2
662 191 677 252 s
697 191 773 241 1-a.
1065 187 1129 252 123

115 329 356 417 praedicatione
392 331 571 396 absolutus.
623 329 708 396 Huic
740 351 802 416 ego
835 352 964 416 causae,
998 331 1129 416 iudices,

116 442 190 484 cnm
209 440 338 484 summa
360 420 529 484 voluntate
553 423 586 483 et
610 420 832 502 expectatione
858 420 971 504 populi
989 419 1130 486 Romani

117 511 208 574 actor
236 505 371 591 accessi,
397 528 464 572 non
491 511 528 572 ut
554 527 707 592 augerem
728 507 885 572 invidiam
909 508 1045 592 ordinis,
1073 509 1130 574 sed

114 601 155 661 ut
176 593 332 662 infamiae
355 595 518 670 communi
541 617 768 660 succurrerem.
811 596 940 661 Adduxi
964 597 1050 661 enim
1072 596 1129 662 ho·

5 747 11 770 ‚
89 684 247 768 ominem,
270 682 304 748 in
323 705 387 766 quo
406 683 615 750 reconciliare
638 683 913 750 existimationem
935 684 1128 750 iudiciorum

117 772 282 856 amissam,
301 771 405 836 redire
423 771 457 836 in
478 771 618 858 gratiam
636 793 710 836 cum
728 772 849 855 populo
867 771 1026 856 Romano,
1047 773 1128 838 satis

116 860 223 926 facere
233 859 351 924 exteris
361 859 549 924 nationibus
562 860 712 944 possetis,
727 860 986 944 depeculatorem
1002 861 1129 944 aerarii,

117 953 305 1014 vexatorem
327 947 490 1012 Asiaet
455 951 553 1032 atque
576 947 802 1033 Pamphyliae,
829 948 1057 1049 praedonem
1048 951 1128 1014 ruris

117 1036 243 1120 urbani,
262 1035 370 1101 labem
390 1039 488 1119 atque
506 1035 682 1119 perniciem
700 1036 885 1121 provinciae
904 1033 1042 1100 Siciliae.
1078 1037 1128 1102 De
1147 1051 1163 1099 a

79 1144 182 1210 raquo
201 1124 307 1189 sivos
328 1145 439 1189 severe
462 1146 499 1189 ac
522 1123 675 1209 religiose
697 1124 926 1208 iudicaveritis,
950 1125 1128 1190 auctoritas

118 1235 165 1297 ea,
189 1213 324 1296 quaein
341 1212 436 1278 vobis
458 1233 624 1277 remanere
648 1213 753 1296 debet,
775 1212 936 1296 haerebit3
960 1213 1010 1278 sin
1032 1213 1127 1277 istius

117 1302 268 1387 ingentes
295 1300 428 1366 diuitiae
455 1299 646 1365 iudiciorum
672 1300 865 1386 religionem
892 1261 1128 1385 veritatemque

118 1387 348 1476 perfregerint,
380 1409 442 1474 ego
474 1388 536 1453 hoc
568 1393 680 1452 tamen
712 1410 879 1473 assequar,
910 1391 947 1454 ut
974 1389 1129 1455 iudicium

118 1477 228 1562 potius
247 1477 295 1542 rei
312 1476 463 1561 publicae
482 1498 580 1560 quam
599 1479 656 1540 aut
674 1497 748 1540 reus
771 1477 932 1543 iudicibus
957 1481 1014 1542 aut
1039 1499 1129 1543 accu-

80 1569 211 1630 rasator
233 1585 289 1629 reo
313 1563 452 1630 defuisse
475 1563 632 1630 uideatur.

185 1653 354 1736 Equidem,
376 1656 414 1717 ut
432 1653 471 1717 de
490 1675 542 1736 me
565 1651 732 1735 confitear,
754 1651 885 1736 iudices,
909 1674 982 1717 cum
1006 1653 1169 1718 multa02

119 1740 200 1806 mihi
228 1763 248 1806 a
275 1739 309 1806 0.
332 1739 435 1806 Verre
465 1739 602 1804 insidiae
631 1743 719 1804 terra
747 1739 893 1822 marique
920 1739 1026 1804 factae
1054 1741 1129 1824 sint,

120 1850 201 1913 quas
233 1829 355 1914 partim
386 1851 459 1893 mea
486 1827 657 1913 diligentia
685 1826 870 1910 devitarim,
901 1827 1023 1912 partim
1051 1829 1130 1892 ami-

5 1961 6 1982 1
120 1939 231 1984 corum
255 1917 362 1981 studio
386 1917 556 2000 officioque
579 1915 791 1999 reppulerim,
818 1937 995 1998 numquam
1018 1919 1129 1980 tamen

5 2037 7 2066 s
79 2026 106 2066 ao
119 2027 224 2089 neque
246 2009 375 2070 tantum
398 2005 579 2090 periculum
602 2003 683 2067 mihi
706 2003 794 2068 adire
817 2003 907 2067 visus
930 2025 1003 2068 sum
1025 2025 1129 2087 neque

5 2095 7 2112 '
120 2096 214 2158 tanto
234 2114 331 2177 opere
349 2092 510 2177 pertimui,
533 2096 571 2157 nt
588 2113 673 2156 nuno
695 2092 729 2155 in
752 2091 823 2174 ipso
847 2091 974 2156 iudicio.
1016 2091 1165 2176 Neque4

120 2185 250 2246 tantum
268 2203 319 2246 me
341 2181 521 2264 expectatio
541 2180 755 2246 accusationis
778 2201 870 2244 meae
893 2201 1130 2264 concursusque

120 2274 233 2352 tantae
252 2269 480 2352 multitudinis,
504 2269 620 2353 quibus
643 2290 704 2360 ego
727 2268 824 2333 rebus
847 2268 1130 2333 vehementissime

120 2358 303 2443 perturbor,
322 2361 513 2440 commovet,
533 2360 691 2441 quantum
709 2356 804 2422 istius
823 2356 960 2421 insidiae
978 2356 1131 2441 nefariae,

79 2465 107 2506 ss
123 2467 204 2530 quas
221 2467 286 2511 uno
309 2449 456 2529 tempore
479 2445 569 2527 mihi,
590 2445 694 2527 vobis,
717 2443 769 2508 M’
784 2442 955 2509 Glabrioni
978 2449 1071 2528 praet
1073 2445 1131 2528 ori,

121 2534 232 2618 sociis,
270 2533 388 2598 exteris
426 2533 630 2616 nationibuS,
676 2495 795 2615 drdini,
832 2533 957 2597 nomini
995 2533 1132 2617 denique

122 2621 577 2704 senatoriofacereconatu13
601 2621 657 2705 qui
678 2620 727 2684 ita
749 2619 843 2684 diotit
828 2621 919 2705 t'at,
910 2621 950 2685 ris
975 2641 1044 2685 esse
1068 2643 1133 2685 me-

122 2710 287 2795 tuendum,
306 2710 369 2795 qni,
379 2709 474 2811 quod
487 2709 567 2794 ipsis
583 2709 662 2773 solis
677 2709 758 2772 satis
775 2712 870 2792 esset,
890 2709 1132 2792 surripuissent,

123 2820 157 2864 se
184 2802 315 2864 tantum
342 2797 512 2882 eripuisse,
544 2801 581 2862 nt
608 2797 642 2860 id
668 2796 782 2861 multis
810 2797 891 2861 satis
919 2818 990 2862 esse
1013 2796 1132 2880 possit,

81 2887 206 2951 aonihil
230 2908 300 2951 esse
322 2889 392 2950 tam
415 2890 577 2970 sanctum,
606 2885 692 2969 quod
713 2906 781 2949 non
801 2884 934 2968 violari,
956 2884 1040 2948 nihil
1063 2887 1132 2948 tam

122 2975 294 3058 munitum,
314 2973 399 3057 quod
414 2996 480 3038 nou
500 2973 679 3060 expugnari
697 2972 833 3057 pecunia
851 2934 964 3056 possit
1001 2969 1168 3056 Quodsi,5

123 3085 221 3148 quam
240 3063 345 3127 audax
366 3066 416 3126 est
439 3062 480 3126 ad
503 3061 694 3162 conandum,
715 3064 785 3125 tam
808 3063 895 3124 esset
918 3059 1108 3125 obscurus
1098 3083 1133 3125 111

123 3151 258 3237 agendo,
279 3150 419 3215 fortasse
439 3150 576 3234 aliqua
567 3173 602 3214 m
620 3172 654 3214 re
672 3171 732 3214 nos
752 3148 926 3232 aliquando
944 3147 1131 3232 fefellisset,

122 3261 236 3304 verum
267 3238 329 3303 hoc
357 3239 461 3304 adhuc
487 3237 712 3322 percommode
739 3236 839 3320 cadit,
872 3237 959 3321 quod
986 3259 1059 3303 eum
1086 3235 1133 3300 in-

83 3345 109 3386 as
123 3326 312 3392 credibili
285 3347 354 3391 erus
374 3326 508 3392 audacia
528 3325 703 3411 singularis
723 3287 866 3390 stultitia
884 3325 1055 3392 coniuncta
1074 3328 1132 3388 est.

123 3414 210 3481 Nam
225 3419 263 3479 ut
277 3414 431 3499 apertus
421 3436 458 3478 1n
476 3414 685 3496 corripiendis
704 3413 847 3497 pecuniis
866 3413 984 3498 fuit,
958 3436 1004 3479 s1c
1021 3413 1056 3476 in
1076 3433 1133 3495 spe

123 3503 350 3586 corrumpendi
367 3502 477 3567 iudicii
499 3501 670 3587 perspicua
693 3522 753 3566 sua
776 3501 912 3566 consilia
936 3505 1133 3585 conatusque
