2564 3876
194 175 239 243 66
338 153 343 162 '
364 171 435 228 rao
456 169 681 227 seruosne
701 167 1034 224 Amumooaluro.

194 341 216 386 a
246 317 458 404 Chrysogono
485 316 588 381 tantis
615 314 768 400 praemiis
797 314 1024 380 donabantur?
1068 314 1096 378 si
1120 313 1204 378 nihil

114 409 119 414 ’
196 407 285 474 aliud
311 408 456 472 fecerunt
481 405 546 470 nisi
573 427 642 468 rem
671 403 868 484 detulerunt,
900 424 1006 467 nonne
1034 402 1113 467 satis
1141 401 1205 466 luit

195 495 236 562 iis
257 493 380 574 gratias
409 493 477 581 agi,
514 493 665 578 denique,
700 494 739 556 ut
769 491 1010 575 perliberaliter
1048 493 1206 576 ageretur,

195 584 329 650 honoris
366 582 490 667 aliquid
524 581 661 646 haberi?
718 577 784 646 Cur
819 579 885 644 tria
920 579 1053 665 praedia
1095 583 1206 643 tantae

195 673 350 758 pecuniae
379 672 490 736 statim
517 669 669 755 Capitoni
697 667 839 734 dantur?
870 690 940 751 eur,
974 688 1057 751 quae
1083 667 1233 751 reliquae

197 765 281 847 sunt,
303 761 367 826 iste
391 761 427 825 T.
449 759 585 825 Roscius
607 756 717 823 omnia
739 778 812 822 cum
831 754 1046 842 Chrysogono
1070 777 1209 822 commu·

195 851 283 916 niter
309 848 477 934 possidet?
517 846 634 912 Nonne
663 845 868 931 perspicuum
896 847 959 927 est,
986 844 1121 928 iudices,
1147 843 1209 908 has
1269 911 1270 920 χ

144 989 187 1054 38
215 938 385 1004 manubias
399 936 526 1002 Rosciis
541 933 790 1020 Chrysogonum
803 955 838 998 re
852 932 1209 1016 cognitaeoncessisse?
1269 941 1270 1008 i

145 1067 196 1116 109
262 1026 363 1092 Venit
389 1026 425 1091 in
452 1025 561 1090 decem
588 1022 702 1108 primis
729 1023 857 1107 legatus
884 1021 919 1085 in
946 1024 1055 1086 castra
1085 1020 1211 1106 Capito.

216 1116 334 1181 Totam
352 1115 464 1198 vitam,
486 1116 638 1178 naturam
656 1132 826 1194 moresque
843 1109 985 1175 hominis
1009 1131 1048 1174 ex
1071 1110 1144 1195 ipsa
1166 1109 1210 1174 le
1225 1135 1248 1175 ιο

198 1205 330 1291 gatione
349 1201 543 1289 cognoscite.
584 1200 657 1265 Nisi
675 1197 911 1282 intellexeritis,
929 1197 1060 1282 iudices,
1082 1198 1211 1262 nullum

198 1314 268 1357 esse
288 1291 439 1374 officium,
456 1290 584 1356 nullum
600 1289 652 1352 ius
669 1292 740 1352 tam
759 1291 908 1352 sanctum
923 1289 1022 1371 atque
1035 1285 1214 1372 integrum,

198 1380 285 1465 quod
301 1400 369 1445 non
387 1379 455 1443 eius
475 1377 580 1443 scelus
598 1380 697 1461 atque
715 1375 851 1461 perfidia
867 1375 1001 1440 violarit
1014 1377 1048 1439 et
1061 1375 1213 1440 imminu·

146 1490 198 1539 110
215 1468 287 1552 erit,
300 1467 407 1532 virum
423 1466 584 1551 optimum
599 1487 668 1530 esse
678 1463 945 1530 eumiudicatote.
972 1462 1212 1548 Impedimento

198 1560 257 1640 est,
279 1577 343 1641 quo
366 1555 472 1620 minus
492 1555 530 1620 de
547 1555 599 1618 his
618 1555 715 1618 rebus
738 1551 830 1618 Sulla
848 1552 1009 1635 doceatur,
1028 1555 1213 1622 ceterorum
1228 1577 1250 1619 1⁵

198 1645 382 1732 legatorum
396 1643 532 1709 consilia
551 1646 584 1708 et
601 1642 804 1707 voluntatem
819 1639 1032 1726 Chrysogono
1052 1641 1214 1725 enuntiat,

198 1736 321 1817 monet,
349 1736 386 1798 ut
413 1731 597 1817 provideat,
622 1752 663 1794 ne
690 1730 801 1814 palam
823 1750 875 1794 res
898 1732 1030 1814 agatur,
1057 1729 1215 1813 ostendit,

199 1823 227 1888 si
264 1821 395 1888 sublata
431 1821 475 1885 sit
510 1818 653 1886 venditio
690 1818 863 1902 bonorum,
903 1817 998 1881 illum
1039 1818 1215 1903 pecuniam

199 1911 355 1998 grandem
379 1909 582 1992 amissurum,
606 1929 676 1972 sese
697 1906 814 1992 capitis
832 1905 1012 1991 periculum
1032 1905 1215 1990 aditurum3

198 2001 292 2066 illum
316 2020 438 2082 acuere,
456 1997 526 2076 hos,
545 1996 601 2081 qni
624 1995 722 2060 simul
745 1998 838 2060 erant
854 1994 955 2077 missi,
973 1994 1098 2078 fallere,
1116 1994 1215 2060 illum
1229 2022 1251 2061 ro

198 2087 375 2153 identidem
384 2107 524 2170 monere,
530 2088 568 2150 ut
577 2087 713 2168 caveret,
730 2082 980 2148 hisceinsidiose
990 2083 1216 2167 spemfalsam

200 2175 383 2258 ostendere,
410 2197 482 2240 cum
504 2173 564 2238 illo
587 2175 701 2238 contra
723 2172 784 2237 hos
806 2171 888 2236 inire
915 2171 1064 2254 consilia,
1093 2172 1216 2240 horum

200 2264 336 2331 consilia
352 2263 404 2327 illi
423 2262 599 2340 enuntiare,
617 2283 690 2326 cum
708 2260 767 2326 illo
785 2262 913 2346 partem
932 2281 1025 2324 suam
1044 2259 1082 2325 de
1108 2261 1217 2345 scisci,

198 2351 287 2418 hisce
302 2351 412 2436 aliqua
424 2351 502 2417 ficta
515 2371 608 2415 mora
625 2370 753 2433 semper
770 2370 882 2414 omnes
901 2348 1008 2413 aditus
1028 2348 1069 2413 ad
1083 2284 1216 2415 iulium

198 2439 421 2505 intercludere.
466 2439 637 2504 Postremo
659 2437 724 2502 isto
747 2437 925 2521 hortatore,
947 2440 1090 2522 auctore,
1111 2437 1215 2504 inter-
1231 2464 1254 2505 2⁵

200 2549 326 2595 sessore
354 2528 395 2593 ad
418 2526 543 2593 Sullam
566 2526 669 2612 legati
690 2547 756 2591 non
779 2525 940 2609 adierunt;
968 2525 1064 2590 istius
1086 2526 1152 2591 fide
1175 2549 1216 2593 ao

199 2616 308 2702 potius
335 2616 472 2701 perfidia
499 2615 637 2700 decepti,
668 2613 702 2678 id
729 2614 815 2698 quod
842 2635 881 2679 ex
906 2613 986 2699 ipsis
1017 2635 1217 2701 cognoscere

199 2704 412 2791 potentiani
433 2707 602 2770 accusator
624 2702 766 2768 voluerit
784 2701 1007 2767 testimonium
1025 2703 1072 2768 eis
1093 2703 1215 2770 denun-

199 2794 297 2878 tiare,
324 2815 384 2878 pro
412 2815 448 2858 re
476 2796 565 2858 certa
594 2812 686 2876 spem
708 2791 827 2855 falsam
850 2790 982 2860 domum
1004 2792 1215 2858 rettulerint.

149 2904 198 2955 111
217 2882 257 2948 In
283 2881 421 2968 privatis
448 2881 544 2946 rebus
573 2880 601 2944 si
629 2880 682 2964 qui
711 2901 781 2944 rem
806 2878 996 2944 mandatam
1020 2900 1089 2946 uon
1117 2882 1215 2947 modo
1229 2909 1269 2956 eo

200 2970 396 3037 malitiosius
420 2969 576 3057 gessisset
598 2969 649 3033 sui
672 2971 824 3053 quaestus
848 2971 905 3032 aut
928 2968 1089 3033 commodi
1108 2991 1215 3054 causa,

200 3081 313 3126 verum
337 3059 436 3124 etiam
458 3057 694 3144 neglegentius,
718 3077 791 3121 eum
813 3055 952 3121 maiores
976 3078 1142 3124 summum
1162 3059 1215 3124 ad·

201 3147 330 3212 misisse
357 3147 492 3212 dedecus
520 3145 760 3211 existimabant.
809 3143 927 3229 Itaque
958 3145 1106 3210 mandati
1139 3169 1214 3214 oon-

202 3236 355 3301 stitutum
383 3238 432 3300 est
458 3234 612 3299 iudicium
638 3255 705 3298 non
731 3233 838 3298 minus
865 3237 961 3318 turpe
994 3255 1093 3318 quam
1124 3235 1214 3320 furti,

204 3324 311 3407 eredo,
333 3326 508 3408 propterea
530 3322 629 3407 quod,
653 3322 770 3407 quibus
792 3322 827 3386 in
849 3322 946 3388 rebus
969 3321 1034 3408 ipsi
1055 3322 1215 3390 interesse
1229 3352 1253 3393 a

201 3432 268 3475 nou
289 3431 473 3495 possumus,
496 3410 531 3476 in
551 3411 592 3475 iis
612 3431 729 3495 operae
746 3414 878 3476 nostrae
897 3409 1019 3476 vicaria
1036 3410 1118 3478 fides
1134 3414 1215 3479 umi-

203 3518 314 3562 eorum
333 3499 539 3583 supponitur3
562 3520 660 3582 quam
679 3499 735 3583 qui
752 3498 862 3584 laedit,
881 3503 1050 3588 oppugnat
1068 3504 1215 3569 omnium
