2604 3880
157 169 218 233 178
453 167 492 220 lN
512 167 540 222 Ο.
555 166 709 222 VERREM
727 165 807 222 ACT.
826 167 860 222 ll.

153 316 364 398 quaesturam
392 311 485 376 illam
512 311 670 377 nefariam
697 311 752 376 vix
778 310 923 377 triduum
951 312 1161 397 constitisset,

153 403 269 468 absens
305 423 371 465 non
403 400 438 463 in
474 399 637 465 oblivione
674 399 840 484 iacuisset,
878 400 935 464 sed
964 400 999 464 in
1032 400 1162 465 assidua

152 489 459 556 commemoratione
479 489 628 553 omnibus
648 489 792 552 omnium
813 488 1014 574 flagitiorum
1035 488 1161 572 fuisset,

152 580 181 643 is
212 581 359 662 repente,
390 581 428 642 ut
456 575 596 643 Romam
627 577 730 660 venit,
763 577 867 662 gratis
897 581 1029 660 praetor
1055 576 1160 642 factus

153 670 212 731 est.
258 667 335 732 Alia
362 688 459 748 porro
482 666 632 750 pecunia,
657 687 699 730 ne
722 668 941 748 accusaretur,
969 665 1054 730 data.
1100 662 1188 731 ouis
1293 737 1294 754 ,

154 756 197 819 sit
216 755 302 839 data,
324 755 405 819 nihil
427 753 467 820 ad
485 775 546 838 me,
568 753 651 818 nihil
671 752 712 818 ad
730 775 798 817 rem
819 754 982 838 pertinere
1005 753 1161 837 arbitr0r3
1293 755 1294 764 ’

154 844 265 908 datam
293 844 422 928 quidem
449 863 520 908 ease
546 846 617 906 tum
643 842 727 905 inter
750 863 862 907 omnes
884 842 1006 906 recenti
1027 841 1161 927 negotio

104 949 152 998 roa
171 933 267 997 facilc
300 931 480 996 constabat.
528 930 633 995 Homo
661 929 854 994 stultissime
877 933 910 994 ct
932 930 1161 1014 amentissime,

153 1021 284 1086 tabulas
299 1042 371 1086 cum
386 1020 558 1086 conficeres
573 1021 606 1083 et
624 1041 697 1082 cum
716 1017 990 1083 extraordinariae
1007 1018 1161 1104 pecuniae

153 1109 275 1175 crimen
303 1107 526 1192 subterfugere
553 1107 668 1190 velles,
696 1107 776 1170 satis
802 1111 837 1171 te
864 1107 1050 1189 elapsurum
1073 1106 1162 1170 omni
1176 1125 1202 1165 ro

154 1197 335 1282 suspicione
359 1195 575 1278 arbitraba-re,
600 1195 641 1279 si,
665 1195 782 1279 quibus
804 1195 975 1279 pecuniam
997 1195 1161 1278 credebas,

152 1285 193 1350 iis
212 1305 387 1368 expensum
409 1305 476 1347 non
498 1283 599 1347 ferres
621 1304 725 1367 neque
748 1282 783 1348 in
805 1287 879 1348 tuas
903 1283 1032 1349 tabulas
1056 1284 1160 1348 ullum

152 1393 272 1436 nomen
307 1371 457 1455 referres,
494 1393 567 1435 cum
598 1374 650 1436 tot
681 1371 743 1435 tibi
774 1372 960 1436 nominibus
993 1376 1161 1458 acceptum

154 1458 259 1525 Curtii
278 1458 456 1524 referrent?
489 1458 573 1535 Quid
591 1459 744 1543 proderat
762 1459 825 1524 tibi
843 1463 877 1524 te
896 1481 1070 1544 expensum
1092 1461 1161 1524 illis

152 1569 219 1612 non
236 1547 375 1612 tulisse?
399 1569 441 1612 an
458 1547 524 1611 tuis
544 1548 623 1612 rolis
640 1547 764 1612 tabulis
785 1552 820 1612 te
843 1569 976 1614 oausam
999 1549 1161 1615 dicturum
1176 1565 1202 1607 1⁵

155 1635 371 1700 existimasti?

220 1723 342 1788 Verum
370 1723 411 1788 ad
436 1723 529 1788 illam
555 1723 623 1788 iam
649 1723 816 1788 veniamus
844 1724 1046 1809 praeclaram
1071 1747 1161 1810 prae-

171 1817 280 1877 turam
299 1811 496 1896 criminaque
515 1833 563 1893 ea,
587 1833 670 1894 quae
692 1812 823 1877 notiora
846 1817 922 1877 sunt
944 1813 1005 1896 his,
1029 1814 1084 1897 qui
1107 1813 1161 1878 ad·

154 1904 239 1984 sunt,
258 1923 356 1984 quam
373 1900 477 1982 nobis,
501 1900 556 1984 qui
575 1900 724 1964 meditati
743 1899 971 1966 addicendum
989 1901 1161 1986 paratique

152 1989 313 2072 venimus3
332 1988 367 2051 in
381 1988 497 2073 quibus
510 2009 577 2052 non
596 1987 708 2053 dubito
727 1987 807 2072 quin
825 1989 1034 2054 offensionem
1052 1991 1160 2075 negle·
1174 2009 1202 2048 ao
1289 1991 1294 2006 ⁴

154 2077 284 2162 gantiae
302 2076 406 2140 vitare
425 2080 522 2158 atquc
542 2076 682 2162 effugere
700 2098 765 2141 non
787 2077 919 2159 possim.
955 2077 1053 2142 Multi
1076 2079 1161 2142 enim

152 2165 200 2228 ita
228 2164 347 2228 dicent:
376 2162 441 2228 ‘De
467 2164 527 2228 illo
553 2163 637 2228 nihil
664 2164 758 2248 dixit,
786 2165 819 2228 in
848 2187 911 2249 quo
935 2187 995 2252 ego
1018 2166 1161 2249 interfui,

152 2252 246 2315 illam
264 2251 415 2315 iniuriam
433 2273 500 2315 non
519 2252 641 2338 attigit,
664 2273 746 2337 quae
769 2253 848 2317 mihi
871 2257 928 2318 aut
951 2275 1033 2338 qnae
1057 2255 1160 2319 amico

153 2360 226 2403 meo
258 2337 346 2403 facta
378 2343 442 2421 est,
475 2339 591 2422 quibus
624 2361 685 2426 ego
713 2341 747 2404 in
774 2342 870 2406 rebus
900 2341 1053 2407 interfui?
1099 2341 1160 2406 His

125 2512 127 2516 Α
153 2425 317 2510 omnibus,
347 2426 403 2511 qui
429 2427 525 2491 istius
552 2428 687 2493 iniurias
713 2433 847 2514 norunt,
875 2429 937 2495 hoc
964 2435 1014 2495 est
1039 2431 1160 2516 populo
1174 2447 1201 2488 2⁵

152 2516 300 2580 Romano
318 2515 479 2594 universo,
500 2537 551 2580 me
569 2516 776 2582 vehementer
795 2522 981 2585 excusatum
1000 2519 1076 2584 rolo
1094 2541 1161 2584 non
1293 2513 1294 2522 ’

152 2602 361 2689 neglegentia
381 2626 452 2668 mea
475 2603 553 2688 fore,
575 2608 613 2670 ut
635 2606 740 2670 multa
761 2609 973 2691 praeteream,
996 2608 1052 2671 sed
1074 2607 1161 2690 quod

154 2693 220 2757 alia
251 2692 391 2757 testibus
422 2693 553 2778 integra
583 2694 743 2758 reservari
769 2694 880 2778 velim,
915 2696 1019 2759 multa
1051 2699 1160 2759 autem

153 2784 288 2866 propter
319 2782 482 2846 rationem
507 2780 678 2846 brevitatis
706 2803 743 2846 ac
774 2782 930 2866 temporis
957 2783 1161 2868 praetermit

154 2869 252 2934 tenda
284 2869 472 2934 existimem.
522 2867 664 2934 Fatebor
695 2869 794 2934 etiam
825 2870 906 2934 illud
937 2870 1073 2956 invitus,
1109 2893 1161 2936 me
1175 2889 1201 2930 ⁸0
1252 2883 1253 2886 ’

154 2979 301 3044 prorsus,
329 2979 402 3022 cum
428 2958 491 3022 istc
518 2961 673 3043 punctum
696 2958 853 3042 temporis
875 2959 1002 3022 nullum
1024 2981 1162 3025 vacuum

154 3049 287 3130 peccato
318 3045 496 3130 praeterire
523 3067 639 3130 passus
668 3045 725 3130 sit,
761 3045 883 3130 omnia,
918 3068 1000 3130 quae
1028 3047 1069 3111 ab
1096 3048 1160 3112 isto

155 3134 328 3198 commissa
351 3134 430 3216 sint,
456 3153 524 3198 non
544 3133 690 3219 potuisse
713 3155 915 3220 cognoscere.
957 3134 1162 3221 Quapropter

154 3221 203 3286 ita
225 3243 276 3286 me
300 3221 339 3285 de
361 3225 532 3307 praeturae
556 3221 744 3286 criminibus
768 3223 927 3305 auditote,
953 3225 991 3287 ut
1014 3245 1053 3287 ex
1075 3227 1162 3288 utro·

155 3329 217 3391 que
240 3329 365 3393 genere,
388 3313 422 3374 et
439 3310 519 3374 iuris
539 3310 663 3374 dicendi
682 3313 714 3374 et
734 3314 896 3374 sartorum
915 3315 1075 3376 tectorum
1099 3313 1161 3376 exi·
1176 3331 1201 3370 ³⁵

156 3395 348 3478 gendorum,
372 3417 410 3460 ea
432 3397 619 3480 postuletis,
646 3408 727 3481 quae
750 3399 889 3462 maxime
913 3399 1012 3484 digna
1035 3399 1100 3463 sint
1124 3422 1161 3464 eo

102 1777 152 1826 103

108 3491 157 3541 104
175 3501 240 3562 reo,
254 3481 306 3544 cui
319 3503 455 3565 parvum
470 3505 507 3547 ac
521 3484 679 3549 mediocre
695 3485 780 3550 obici
792 3485 875 3550 nibil
890 3491 1048 3572 oporteat.
1076 3487 1162 3555 Nam
