2604 3880
395 137 496 193 mar
533 137 608 193 aar.
627 145 696 196 c-e
715 145 731 206 s
751 145 863 196 ra-ar.
1075 139 1138 204 147

131 280 335 348 accusatione
363 302 475 348 eorum
500 281 662 346 industria
684 304 722 348 ao
745 282 915 369 diligentia
936 283 1136 368 probaretur.

130 369 183 435 Ita
209 368 306 434 reieci
331 368 466 454 iudices,
493 375 532 435 ut
556 370 619 436 hoc
641 374 781 456 constet,
806 375 884 454 post
905 371 991 437 hunc
1012 375 1189 439 statum18

130 457 178 523 rei
209 457 373 540 publicae,
405 479 468 541 quo
499 479 585 524 nune
611 457 747 544 utimur,
778 458 880 524 simili
906 459 1075 544 splendore
1103 465 1136 526 et

132 545 292 632 dignitate
310 545 482 612 consilium
499 547 626 612 nullum
648 546 758 612 fuisse.
794 546 899 623 Quam
921 547 984 613 iste
1007 549 1136 614 laudem
1187 600 1190 606 .

106 646 334 702 lcommunem
357 633 422 698 sibi
444 633 493 699 ait
514 655 585 700 esse
607 656 745 718 mecum;
769 636 825 719 qui
847 657 921 702 cum
942 636 977 702 Ρ.
997 635 1137 702 Galbam

129 721 267 788 iudicem
285 720 459 807 reiecisset,
480 721 523 788 M.
541 721 728 788 Lucretium
749 722 884 788 retinuit
907 726 949 807 et,
971 745 1044 789 uum
1067 725 1135 790 eius

130 813 287 894 patronus
315 831 354 874 ex
380 831 419 875 eo
451 814 632 894 quaereret,
664 832 722 875 eur
749 832 824 876 suos
852 810 1136 897 familiarissimos,

20 947 21 952 η
131 895 200 965 Sex.
214 897 424 981 Peducaeum,
447 895 485 974 Q.
499 895 696 983 Considium,
718 897 755 974 Q.
768 897 897 964 Iunium
919 899 997 964 reici
1019 921 1135 983 passus

131 989 230 1072 esset,
256 985 437 1071 respondit,
469 986 555 1071 quod
581 1007 636 1052 eos
663 986 699 1051 in
724 986 893 1052 iudicando
920 985 1057 1052 nimium
1085 987 1136 1052 sui

94 1085 118 1128 ¹⁰
130 1074 209 1139 iuris
224 1073 467 1157 sententiaeque
483 1079 665 1161 cognosset.
697 1071 811 1160 Itaque
829 1074 988 1140 iudicibus
1006 1074 1134 1140 reiectis
1155 1086 1188 1136 19

131 1161 303 1246 sperabam
316 1161 382 1226 iam
396 1182 478 1227 onus
492 1183 601 1228 meum
614 1162 781 1229 vobiscum
795 1184 865 1228 esse
879 1184 1061 1247 commune,
1075 1185 1135 1246 pu-

19 1301 20 1306 *
130 1249 242 1315 tabam
268 1271 335 1314 non
360 1249 465 1314 solum
485 1250 588 1334 notis,
616 1250 672 1315 sed
695 1249 793 1316 etiam
815 1250 938 1338 ignotis
960 1251 1135 1336 probatam

131 1360 237 1404 meam
266 1337 363 1402 fidem
390 1358 460 1402 esse
487 1342 522 1403 et
548 1337 759 1424 diligentiam.
804 1337 897 1414 Quod
924 1361 976 1405 me
1003 1361 1070 1404 non
1090 1337 1135 1404 fe·

129 1425 229 1510 fellit3
251 1447 329 1491 nam
350 1424 490 1490 comitiis
513 1425 608 1509 meis,
630 1447 704 1491 eum
725 1426 789 1491 iste
810 1426 939 1492 infinita
959 1427 1135 1513 largitione

93 1523 117 1566 1⁶
131 1517 244 1581 contra
261 1535 313 1579 me
336 1515 490 1598 uteretur,
512 1514 652 1598 populus
674 1512 841 1579 Romanus
863 1514 1017 1581 iudicavit
1039 1515 1136 1581 istius

130 1601 312 1686 pecuniam,
343 1623 426 1685 quae
458 1601 543 1685 apud
573 1623 626 1666 me
654 1605 767 1667 contra
793 1602 891 1667 fidem
917 1624 1024 1666 meam
1051 1603 1135 1668 nihil

129 1690 303 1774 potuisset,
326 1688 412 1772 apud
430 1709 465 1753 se
487 1692 602 1754 eontra
623 1687 780 1753 honorem
802 1710 911 1753 meum
933 1689 1016 1753 nihil
1038 1712 1135 1773 posse

129 1778 254 1844 debere.
299 1775 369 1852 Quo
397 1776 526 1862 quidem
553 1775 604 1841 die
630 1774 785 1858 primum,
815 1775 950 1858 iudices,
980 1776 1073 1841 citati
1099 1777 1135 1841 in

129 1864 214 1932 hune
241 1885 332 1930 reum
359 1862 563 1947 consedistis,
591 1862 663 1948 quis
687 1865 758 1928 tam
778 1863 908 1947 iniquus
931 1863 1006 1927 huic
1029 1863 1134 1928 ordini

17 1987 20 2036 l
90 1962 116 2005 ²⁰
129 1952 201 2036 fuit,
225 1952 297 2036 quis
315 1955 384 2018 tam
402 1973 561 2017 novarum
579 1971 695 2034 rerum,
717 1949 908 2015 iudiciorum
930 1949 1134 2034 iudicumque

17 2039 19 2110 ἶ
130 2039 276 2124 cupidus,
304 2039 359 2122 qui
382 2060 449 2105 non
470 2042 605 2124 aspectu
626 2059 841 2122 consessuque
863 2041 972 2102 restro
995 2058 1134 2103 eommo-

17 2111 18 2180 l
129 2127 280 2194 veretur?
313 2124 395 2192 Cum
408 2127 444 2191 in
457 2149 495 2192 eo
513 2130 623 2192 vestra
640 2126 783 2212 dignitas
801 2124 882 2190 mihi
900 2125 1043 2191 fructum
1061 2126 1134 2191 dili·
1151 2145 1189 2194 20

130 2215 260 2301 gantiae
281 2214 429 2299 referret,
454 2215 488 2279 id
510 2236 583 2280 sum
606 2217 785 2298 assecutus,
807 2218 845 2279 ut
866 2235 931 2279 una
952 2213 1047 2299 hora,
1070 2237 1135 2299 qua

130 2302 222 2387 coepi
243 2301 361 2384 dicere,
387 2323 443 2367 reo
466 2301 593 2386 audaci,
619 2302 806 2386 pecunioso,
832 2301 979 2386 profuso,
1006 2303 1133 2387 perdito

89 2402 116 2444 ’ὅ
129 2411 220 2475 spem
246 2389 357 2454 iudicii
383 2390 608 2473 corrumpendi
633 2389 864 2474 praeciderem,
890 2394 928 2454 ut
953 2389 1059 2474 primo
1084 2391 1136 2456 die

128 2478 262 2544 testium
288 2480 383 2542 tanto
410 2498 544 2543 numero
572 2477 672 2543 citato
700 2478 838 2561 populns
860 2477 1027 2544 Romanus
1051 2478 1135 2544 iudi·

128 2568 218 2631 caret
235 2565 300 2630 isto
320 2565 470 2630 absoluto
493 2587 562 2630 rem
584 2564 748 2648 publicam
771 2569 858 2630 stare
880 2587 947 2630 non
968 2587 1074 2651 posse,
1096 2570 1137 2632 ut

129 2654 213 2718 alter
245 2653 313 2718 dies
345 2652 458 2718 amicis
488 2652 583 2717 istius
617 2674 655 2717 ao
686 2652 908 2718 defensoribus
939 2675 1007 2718 non
1037 2654 1135 2719 modo

128 2762 218 2825 spem
258 2739 427 2823 victoriae,
467 2738 524 2806 sed
560 2739 659 2805 etiam
698 2740 901 2806 voluntatem
937 2741 1134 2806 defensionis

17 2903 18 2910 ἵ
87 2841 114 2882 ³⁰
128 2829 284 2912 auferret,
305 2832 343 2893 ut
360 2827 476 2892 tertius
497 2827 565 2892 dies
588 2827 635 2891 sie
656 2826 821 2892 hominem
843 2831 1074 2912 prosterneret,
1096 2831 1135 2892 ut

17 2927 18 2996 t
128 2916 242 2982 morbo
266 2915 434 2999 simulato,
460 2937 527 2980 non
550 2913 627 2999 quid
649 2915 870 2998 responderet,
895 2914 952 2979 sed
974 2936 1069 2998 quem
1092 2915 1135 2979 ad

17 3017 19 3078 i
127 3004 259 3070 modum
286 3025 353 3068 non
377 3003 600 3088 responderet,
627 3002 834 3085 deliberaret3
862 3001 975 3066 deinde
997 3000 1135 3084 reliquis

17 3079 19 3192 l
127 3091 239 3156 diebus
258 3089 311 3156 his
335 3090 533 3175 criminibus,
555 3089 607 3155 his
630 3089 769 3156 testibus
792 3092 826 3154 et
847 3088 980 3153 urbanis
1003 3091 1036 3153 et
1058 3110 1134 3171 pro-

17 3199 19 3240 l
126 3178 320 3244 vincialibus
352 3177 399 3243 sie
431 3177 566 3244 obrutus
596 3182 695 3262 atque
722 3196 896 3261 oppressus
923 3179 985 3259 est,
1016 3179 1054 3240 ut
1080 3174 1132 3240 his

85 3277 112 3318 ⁸⁵
126 3265 277 3331 ludorum
305 3265 417 3330 diebus
444 3265 646 3349 interpositis
673 3286 768 3330 nemo
791 3263 891 3328 istum
913 3263 1132 3347 comperendi-

124 3357 254 3438 natum,
278 3352 335 3418 sed
357 3352 607 3420 condemnatum
629 3352 795 3418 iudicaret.
1152 3405 1171 3469 8

193 3439 398 3526 Quapropter
417 3463 487 3528 ego,
513 3440 599 3526 quod
617 3441 658 3506 ad
681 3461 732 3504 me
755 3438 882 3523 attinet,
904 3437 1035 3524 indices,
1057 3437 1133 3524 viei3
1151 3483 1184 3531 21

867 3541 921 3595 10*
