2576 3882
389 181 457 237 urs.
476 181 515 236 111
548 182 623 237 our.
642 190 712 238 4-e
731 189 747 250 s
765 189 860 240 s-14.
1065 185 1131 250 275

183 327 356 394 Neminem
377 330 523 393 vestrum
548 328 715 413 praeterit,
736 327 868 412 iudices,
891 330 1129 406 omnemutili·

117 420 220 483 tatem
248 415 569 501 oportunitatemque
596 417 781 501 provinciae
807 415 949 502 Siciliae,
977 440 1059 502 quae
1086 419 1128 484 ad

117 506 287 571 commoda
314 503 429 589 populi
456 503 598 569 Romani
625 504 777 571 adiuncta
803 506 860 587 sit,
888 507 1066 572 consistere
1092 507 1127 572 in

117 616 151 660 rc
169 593 385 659 frumentaria
402 592 555 677 maxime,
578 615 655 659 nam
677 593 792 659 ceteris
815 594 913 660 rebus
936 595 1127 661 adiuvamur

90 697 157 748 tex
175 683 236 760 illa
253 681 430 768 provincia,
453 680 516 747 hac
533 703 610 746 vero
634 682 753 746 alimur
775 704 813 747 ac
836 683 1042 748 sustinemur.
1077 684 1128 749 lla
1149 697 1184 746 ra

117 793 216 837 causa
237 769 418 855 tripertita,
445 769 580 852 iudices,
603 769 666 834 erit
687 770 723 834 in
745 770 962 854 accusaticnc3
985 771 1127 856 primum

118 859 230 941 [enim]
259 858 298 923 dc
326 859 516 942 decumano,
549 858 661 922 deinde
689 858 728 923 de
756 861 866 944 empto
895 858 1035 925 dicemus
1062 859 1127 925 fru-

116 951 242 1029 mento,
265 951 431 1032 postremo
456 947 495 1011 de
518 947 701 1012 aestimato.

136 1044 137 1048 ’
183 1035 275 1100 Inter
302 1033 446 1100 Siciliam
480 1039 667 1118 ceterasque
699 1034 895 1119 provincias,
926 1035 1061 1120 iudices,
1092 1033 1171 1102 ino

77 1140 103 1180 10
118 1147 272 1211 agrorum
287 1123 499 1208 vectigalium
517 1123 644 1189 ratione
662 1123 725 1187 hoc
742 1122 887 1207 interest,
907 1125 993 1209 quod
1011 1125 1127 1190 ceteris

118 1218 176 1278 aut
188 1212 379 1297 impositum
394 1211 536 1298 vectigal
555 1215 605 1277 est
623 1215 757 1296 certum,
776 1212 861 1296 quod
879 1212 1127 1297 stipendiarium

117 1302 244 1385 dicitur,
267 1305 304 1365 ut
322 1300 479 1384 Hispanis
505 1303 539 1366 et
561 1301 725 1385 plerisque
743 1299 925 1367 Poenorum
949 1303 1043 1387 quasi
1064 1302 1127 1367 vic-

116 1390 232 1456 toriae·
244 1388 425 1474 praemium
449 1410 486 1453 ac
509 1410 613 1473 poena
635 1388 728 1471 belli,
757 1391 814 1454 aut
830 1390 985 1462 ¹censoria
1006 1391 1129 1456 locatio

117 1478 299 1544 const'tuta
317 1481 377 1560 est,
399 1480 437 1540 ut
450 1476 549 1542 Asiae
567 1478 641 1562 lege
665 1474 864 1561 Sempronia.
901 1475 1030 1544 Siciliae
1053 1478 1130 1545 civi-

76 1583 102 1623 15
116 1570 204 1632 tates
227 1566 331 1632 sicin
354 1565 531 1630 amicitiam
553 1565 714 1648 fidemque
738 1565 933 1650 accepimus,
955 1571 993 1631 ut
1015 1568 1128 1632 eodem

116 1655 187 1720 iure
219 1657 341 1738 essent,
373 1676 437 1738 quo
469 1653 621 1736 fuissent,
654 1653 765 1718 eadem
792 1654 979 1719 condicione
1005 1656 1127 1740 populo

115 1743 266 1809 Romano
302 1745 469 1826 parerent,
506 1763 571 1826 qua
603 1741 671 1806 suis
703 1745 779 1806 ante
810 1742 1005 1825 paruissent.
1053 1743 1127 1808 Per·
1147 1754 1181 1802 13

116 1853 238 1917 paucae
259 1828 389 1896 Siciliae
416 1830 565 1896 civitates
589 1832 665 1894 sunt
687 1828 852 1913 superiore
874 1830 962 1894 bello
986 1852 1006 1894 a
1029 1830 1127 1895 maio-

116 1920 209 1985 ribus
240 1919 362 1984 nostris
391 1919 558 2001 subactae3
591 1939 727 2002 quarum
756 1938 834 2003 ager
861 1938 935 1982 cum
962 1921 1048 1982 esset
1071 1942 1127 2003 pu·

75 2024 103 2064 20
116 2008 223 2073 blicus
242 2006 356 2093 populi
373 2006 512 2071 Romani
533 2005 650 2089 factus,
672 2009 783 2069 tamen
805 2003 872 2070 illis
895 2009 946 2070 est
968 2005 1127 2091 redditus,

116 2097 146 2161 is
167 2117 246 2182 ager
264 2118 284 2161 a
302 2095 489 2162 censoribus
508 2094 609 2160 locari
627 2093 721 2158 solet.
757 2091 954 2158 Foederatae
977 2094 1127 2160 civitates

116 2189 194 2250 sunt
217 2184 312 2267 duae,
340 2206 478 2268 quarum
501 2183 652 2248 decumae
675 2181 783 2246 venire
805 2202 873 2247 non
895 2182 1036 2266 soleant,
1060 2182 1127 2248 Ma·

117 2273 259 2338 martina
294 2276 328 2337 et
359 2272 646 2354 Tauromenitana,
684 2269 825 2354 quinque
856 2272 1026 2354 praeterea
1057 2271 1127 2336 siue

116 2359 247 2427 foedere
282 2359 442 2425 immunes
483 2359 632 2425 civitates
665 2380 702 2423 ac
733 2357 868 2442 liberae,
906 2356 1128 2444 Centuripina,

74 2465 102 2505 2⁵
116 2447 306 2530 Halaesina,
320 2446 509 2534 Segestana,
522 2446 737 2530 Halicyensis,
750 2445 1021 2531 Panhormitana3
1036 2470 1127 2532 prae-

116 2541 209 2602 terea
241 2536 345 2603 omnis
379 2557 457 2621 ager
484 2533 614 2601 Siciliae
646 2534 817 2600 civitatum
849 2534 1044 2601 decumanus
1077 2540 1127 2600 est

115 2625 261 2709 itemque
284 2629 359 2690 ante
382 2624 554 2709 imperium
577 2623 690 2708 populi
709 2622 848 2688 Romani
871 2623 1017 2708 ipsorum
1041 2621 1126 2689 Sicu-

116 2715 225 2779 lorum
239 2714 408 2780 voluntate
428 2716 461 2777 et
479 2712 641 2777 institutis
658 2711 730 2776 fuit.
762 2711 879 2777 Videte
897 2734 982 2777 nunc
1001 2712 1125 2796 sapien·
1146 2713 1180 2761 14

116 2802 200 2868 tiam
231 2801 405 2884 maiorum,
437 2801 492 2886 qui
524 2822 596 2866 oum
630 2798 801 2882 [Siciliam]
833 2803 902 2864 tam
930 2804 1126 2884 oportunum

75 2909 102 2950 ao
117 2890 298 2957 subsidium
326 2888 406 2954 belli
433 2892 468 2956 at
490 2910 530 2954 ue
557 2888 647 2974 pacis
673 2889 715 2953 ad
737 2911 806 2954 rem
828 2886 993 2972 publicam
1016 2887 1126 2952 adiun-

107 2979 251 3062 ‘xissent
273 2981 368 3044 tanta
386 2999 463 3043 cura
505 2977 607 3043 iculos
626 2977 712 3042 tucri
730 2999 768 3042 ac
786 2976 925 3041 retinere
945 2976 1127 3059 voluerunt,

115 3071 155 3133 ut
187 3089 253 3132 non
285 3066 381 3132 modo
415 3087 527 3131 eorum
559 3065 648 3152 agris
677 3065 820 3150 vectigal
849 3085 970 3128 novum
999 3063 1127 3128 nullum

115 3155 336 3240 imponerent,
369 3154 426 3219 sed
451 3175 493 3220 nc
519 3154 626 3239 legem
654 3153 784 3237 quidem
810 3150 1005 3217 venditionis
1035 3151 1126 3216 decu-

115 3265 245 3310 marum
272 3265 332 3309 nec
358 3242 522 3308 vendundi
545 3245 602 3307 aut
624 3246 753 3326 tempus
777 3244 834 3306 aut
856 3239 963 3305 locum
987 3261 1126 3305 commu-

73 3349 102 3390 to
117 3336 241 3415 tarent,
269 3335 305 3396 ut
333 3334 421 3397 certo
449 3334 596 3415 tempore
623 3329 713 3412 anni,
740 3332 777 3393 ut
803 3328 922 3394 ibidem
950 3327 984 3392 in
1008 3326 1127 3412 Sicilia,

117 3421 255 3504 denique
282 3422 320 3485 ut
342 3420 415 3506 lege
439 3418 614 3484 Hieronica
636 3417 821 3482 venderent.
866 3416 1049 3482 Voluerunt
1071 3438 1127 3481 cos

115 3509 152 3574 in
179 3509 247 3574 suis
275 3508 371 3576 rebus
399 3507 489 3590 ipsos
517 3507 687 3598 interesse,
714 3526 888 3590 eorumque
914 3505 1039 3571 animos
1061 3528 1128 3572 non

860 3609 914 3664 18*
