<?xml version="1.0" encoding="UTF-8"?>
<!DOCTYPE html PUBLIC "-//W3C//DTD XHTML 1.0 Transitional//EN"
    "http://www.w3.org/TR/xhtml1/DTD/xhtml1-transitional.dtd">
<html xmlns="http://www.w3.org/1999/xhtml" xml:lang="en" lang="en">
 <head>
  <title>
</title>
<meta http-equiv="Content-Type" content="text/html;charset=utf-8" />
  <meta name='ocr-system' content='tesseract 3.04.00' />
  <meta name='ocr-capabilities' content='ocr_page ocr_carea ocr_par ocr_line ocrx_word'/>
</head>
<body>
  <div class='ocr_page' id='page_1' title='image "./scriptaquaemans01mullgoog_0393.png"; bbox 0 0 2576 3882; ppageno 0'>
   <div class='ocr_carea' id='block_1_1' title="bbox 169 201 875 270">
    <p class='ocr_par' dir='ltr' id='par_1_1' title="bbox 169 201 875 270">
     <span class='ocr_line' id='line_1_1' title="bbox 169 201 875 270; baseline -0.021 1"><span class='ocrx_word' id='word_1_1' title='bbox 169 206 234 270; x_wconf 77' lang='grc'>278</span> <span class='ocrx_word' id='word_1_2' title='bbox 472 203 511 257; x_wconf 83' lang='grc' dir='ltr'>ΙΝ</span> <span class='ocrx_word' id='word_1_3' title='bbox 531 203 560 258; x_wconf 80' lang='grc' dir='ltr'>Ο.</span> <span class='ocrx_word' id='word_1_4' title='bbox 573 201 728 258; x_wconf 81' lang='lat' dir='ltr'><strong>VERREM</strong></span> <span class='ocrx_word' id='word_1_5' title='bbox 744 201 822 256; x_wconf 80' lang='lat' dir='ltr'>AC&#39;I&#39;.</span> <span class='ocrx_word' id='word_1_6' title='bbox 841 201 875 256; x_wconf 88' lang='lat' dir='ltr'>ss.</span> 
     </span>
    </p>
   </div>
   <div class='ocr_carea' id='block_1_2' title="bbox 169 345 1272 611">
    <p class='ocr_par' dir='ltr' id='par_1_2' title="bbox 169 333 1272 611">
     <span class='ocr_line' id='line_1_2' title="bbox 169 345 1181 434; baseline -0.007 -18"><span class='ocrx_word' id='word_1_7' title='bbox 169 355 240 416; x_wconf 88' lang='lat' dir='ltr'>stus</span> <span class='ocrx_word' id='word_1_8' title='bbox 257 351 472 432; x_wconf 82' lang='lat' dir='ltr'>converteret3</span> <span class='ocrx_word' id='word_1_9' title='bbox 491 348 546 432; x_wconf 92' lang='lat' dir='ltr'>qui</span> <span class='ocrx_word' id='word_1_10' title='bbox 564 347 707 434; x_wconf 90' lang='lat' dir='ltr'>primum</span> <span class='ocrx_word' id='word_1_11' title='bbox 725 349 831 412; x_wconf 85' lang='lat' dir='ltr'>certos</span> <span class='ocrx_word' id='word_1_12' title='bbox 849 345 1029 410; x_wconf 88' lang='lat' dir='ltr'>instituerit</span> <span class='ocrx_word' id='word_1_13' title='bbox 1047 345 1181 410; x_wconf 90' lang='lat' dir='ltr'>nomine</span> 
     </span>
     <span class='ocr_line' id='line_1_3' title="bbox 169 433 1181 522; baseline -0.005 -19"><span class='ocrx_word' id='word_1_14' title='bbox 169 438 373 522; x_wconf 88' lang='lat' dir='ltr'>decumanos,</span> <span class='ocrx_word' id='word_1_15' title='bbox 391 459 426 502; x_wconf 89' lang='lat' dir='ltr'>re</span> <span class='ocrx_word' id='word_1_16' title='bbox 444 459 522 503; x_wconf 83' lang='lat' dir='ltr'>vera</span> <span class='ocrx_word' id='word_1_17' title='bbox 540 436 708 500; x_wconf 87' lang='lat' dir='ltr'>ministros</span> <span class='ocrx_word' id='word_1_18' title='bbox 727 457 765 500; x_wconf 90' lang='lat' dir='ltr'>ac</span> <span class='ocrx_word' id='word_1_19' title='bbox 784 434 944 500; x_wconf 89' lang='lat' dir='ltr'>satellites</span> <span class='ocrx_word' id='word_1_20' title='bbox 962 433 1181 519; x_wconf 76' lang='lat' dir='ltr'>cupiditatum</span> 
     </span>
     <span class='ocr_line' id='line_1_4' title="bbox 170 522 1272 611; baseline -0.007 -18"><span class='ocrx_word' id='word_1_21' title='bbox 170 549 315 610; x_wconf 81' lang='lat' dir='ltr'>suarum3</span> <span class='ocrx_word' id='word_1_22' title='bbox 337 547 396 611; x_wconf 93' lang='lat' dir='ltr'>per</span> <span class='ocrx_word' id='word_1_23' title='bbox 416 547 497 609; x_wconf 91' lang='lat' dir='ltr'>quos</span> <span class='ocrx_word' id='word_1_24' title='bbox 519 525 688 590; x_wconf 87' lang='lat' dir='ltr'>ostendam</span> <span class='ocrx_word' id='word_1_25' title='bbox 707 523 755 588; x_wconf 90' lang='lat' dir='ltr'>sic</span> <span class='ocrx_word' id='word_1_26' title='bbox 776 523 977 608; x_wconf 87' lang='lat' dir='ltr'>provinciam</span> <span class='ocrx_word' id='word_1_27' title='bbox 999 544 1059 607; x_wconf 89' lang='lat' dir='ltr'>per</span> <span class='ocrx_word' id='word_1_28' title='bbox 1080 522 1182 586; x_wconf 89' lang='lat' dir='ltr'>trien·</span> <span class='ocrx_word' id='word_1_29' title='bbox 1271 529 1272 578; x_wconf 79' lang='lat' dir='ltr'>l</span> 
     </span>
    </p>
   </div>
   <div class='ocr_carea' id='block_1_3' title="bbox 168 595 1272 698">
    <p class='ocr_par' dir='ltr' id='par_1_3' title="bbox 168 595 1272 698">
     <span class='ocr_line' id='line_1_5' title="bbox 168 595 1272 698; baseline -0.005 -18"><span class='ocrx_word' id='word_1_30' title='bbox 168 615 259 680; x_wconf 89' lang='lat' dir='ltr'>nium</span> <span class='ocrx_word' id='word_1_31' title='bbox 277 617 429 680; x_wconf 83' lang='lat' dir='ltr'>vexatam</span> <span class='ocrx_word' id='word_1_32' title='bbox 449 617 546 698; x_wconf 89' lang='lat' dir='ltr'>atque</span> <span class='ocrx_word' id='word_1_33' title='bbox 564 617 738 696; x_wconf 84' lang='lat' dir='ltr'>vastatam,</span> <span class='ocrx_word' id='word_1_34' title='bbox 759 611 890 695; x_wconf 89' lang='lat' dir='ltr'>iudices,</span> <span class='ocrx_word' id='word_1_35' title='bbox 912 615 950 676; x_wconf 90' lang='lat' dir='ltr'>ut</span> <span class='ocrx_word' id='word_1_36' title='bbox 968 632 1040 675; x_wconf 89' lang='lat' dir='ltr'>eam</span> <span class='ocrx_word' id='word_1_37' title='bbox 1063 610 1182 675; x_wconf 89' lang='lat' dir='ltr'>multis</span> <span class='ocrx_word' id='word_1_38' title='bbox 1271 595 1272 666; x_wconf 94' lang='lat'><em>3</em></span> 
     </span>
    </p>
   </div>
   <div class='ocr_carea' id='block_1_4' title="bbox 115 700 1272 3530">
    <p class='ocr_par' dir='ltr' id='par_1_4' title="bbox 115 689 1272 3530">
     <span class='ocr_line' id='line_1_6' title="bbox 170 700 1207 784; baseline -0.009 -16"><span class='ocrx_word' id='word_1_39' title='bbox 170 704 263 769; x_wconf 89' lang='lat' dir='ltr'>annis</span> <span class='ocrx_word' id='word_1_40' title='bbox 291 703 470 768; x_wconf 91' lang='lat' dir='ltr'>multorum</span> <span class='ocrx_word' id='word_1_41' title='bbox 497 701 683 767; x_wconf 90' lang='lat' dir='ltr'>innocentia</span> <span class='ocrx_word' id='word_1_42' title='bbox 710 700 934 784; x_wconf 77' lang='lat' dir='ltr'><strong>sapientiaque</strong></span> <span class='ocrx_word' id='word_1_43' title='bbox 957 719 1104 764; x_wconf 87' lang='lat' dir='ltr'>recreare</span> <span class='ocrx_word' id='word_1_44' title='bbox 1126 720 1207 764; x_wconf 78' lang='lat' dir='ltr'>nes</span> 
     </span>
     <span class='ocr_line' id='line_1_7' title="bbox 116 768 1272 894; baseline -0.006 -37"><span class='ocrx_word' id='word_1_45' title='bbox 116 768 150 894; x_wconf 53' lang='grc' dir='ltr'>ἐξ</span> <span class='ocrx_word' id='word_1_46' title='bbox 170 813 334 877; x_wconf 79' lang='lat' dir='ltr'><strong>queamus.</strong></span> <span class='ocrx_word' id='word_1_47' title='bbox 375 789 499 858; x_wconf 80' lang='lat' dir='ltr'>Eorum</span> <span class='ocrx_word' id='word_1_48' title='bbox 522 790 676 873; x_wconf 91' lang='lat' dir='ltr'>omnium,</span> <span class='ocrx_word' id='word_1_49' title='bbox 699 789 755 872; x_wconf 91' lang='lat' dir='ltr'>qui</span> <span class='ocrx_word' id='word_1_50' title='bbox 778 788 947 853; x_wconf 89' lang='lat' dir='ltr'>decumani</span> <span class='ocrx_word' id='word_1_51' title='bbox 968 788 1182 870; x_wconf 83' lang='lat' dir='ltr'>vocabantur,</span> <span class='ocrx_word' id='word_1_52' title='bbox 1271 813 1272 868; x_wconf 80' lang='lat' dir='ltr'>l</span> 
     </span>
     <span class='ocr_line' id='line_1_8' title="bbox 168 869 1272 966; baseline -0.005 -21"><span class='ocrx_word' id='word_1_53' title='bbox 168 879 320 966; x_wconf 88' lang='lat' dir='ltr'>princeps</span> <span class='ocrx_word' id='word_1_54' title='bbox 339 883 410 945; x_wconf 90' lang='lat' dir='ltr'>erat</span> <span class='ocrx_word' id='word_1_55' title='bbox 429 878 465 955; x_wconf 82' lang='lat' dir='ltr'>Q.</span> <span class='ocrx_word' id='word_1_56' title='bbox 483 879 540 943; x_wconf 93' lang='lat' dir='ltr'>ille</span> <span class='ocrx_word' id='word_1_57' title='bbox 554 877 729 963; x_wconf 83' lang='lat' dir='ltr'>Apronius,</span> <span class='ocrx_word' id='word_1_58' title='bbox 752 898 848 961; x_wconf 90' lang='lat' dir='ltr'>quem</span> <span class='ocrx_word' id='word_1_59' title='bbox 871 876 1002 960; x_wconf 80' lang='lat' dir='ltr'>videtis3</span> <span class='ocrx_word' id='word_1_60' title='bbox 1024 875 1064 940; x_wconf 87' lang='lat' dir='ltr'>de</span> <span class='ocrx_word' id='word_1_61' title='bbox 1087 876 1182 941; x_wconf 91' lang='lat' dir='ltr'>cuins</span> <span class='ocrx_word' id='word_1_62' title='bbox 1271 869 1272 956; x_wconf 91' lang='lat'><em>3</em></span> 
     </span>
     <span class='ocr_line' id='line_1_9' title="bbox 168 963 1272 1054; baseline -0.005 -21"><span class='ocrx_word' id='word_1_63' title='bbox 168 969 369 1054; x_wconf 72' lang='lat' dir='ltr'>inprobitate</span> <span class='ocrx_word' id='word_1_64' title='bbox 393 967 552 1054; x_wconf 79' lang='lat' dir='ltr'>singulari</span> <span class='ocrx_word' id='word_1_65' title='bbox 575 966 853 1054; x_wconf 80' lang='lat' dir='ltr'>gravissumamm</span> <span class='ocrx_word' id='word_1_66' title='bbox 875 965 1078 1051; x_wconf 78' lang='lat' dir='ltr'>legationum</span> <span class='ocrx_word' id='word_1_67' title='bbox 1102 985 1183 1048; x_wconf 88' lang='lat' dir='ltr'>que·</span> <span class='ocrx_word' id='word_1_68' title='bbox 1271 963 1272 992; x_wconf 49' lang='lat' dir='ltr'>l</span> 
     </span>
     <span class='ocr_line' id='line_1_10' title="bbox 168 1052 1183 1140; baseline -0.006 -18"><span class='ocrx_word' id='word_1_69' title='bbox 168 1057 325 1123; x_wconf 87' lang='lat' dir='ltr'>rimonias</span> <span class='ocrx_word' id='word_1_70' title='bbox 345 1056 524 1122; x_wconf 82' lang='lat' dir='ltr'>audivistis.</span> <span class='ocrx_word' id='word_1_71' title='bbox 561 1055 717 1140; x_wconf 79' lang='lat' dir='ltr'>Aspicite,</span> <span class='ocrx_word' id='word_1_72' title='bbox 734 1053 865 1138; x_wconf 89' lang='lat' dir='ltr'>iudices,</span> <span class='ocrx_word' id='word_1_73' title='bbox 888 1053 1016 1119; x_wconf 88' lang='lat' dir='ltr'>vultum</span> <span class='ocrx_word' id='word_1_74' title='bbox 1033 1052 1183 1117; x_wconf 89' lang='lat' dir='ltr'>hominis</span> 
     </span>
     <span class='ocr_line' id='line_1_11' title="bbox 169 1141 1222 1230; baseline -0.008 -20"><span class='ocrx_word' id='word_1_75' title='bbox 169 1149 202 1210; x_wconf 93' lang='lat' dir='ltr'>et</span> <span class='ocrx_word' id='word_1_76' title='bbox 230 1148 398 1230; x_wconf 88' lang='lat' dir='ltr'>aspectum</span> <span class='ocrx_word' id='word_1_77' title='bbox 425 1147 458 1209; x_wconf 89' lang='lat' dir='ltr'>et</span> <span class='ocrx_word' id='word_1_78' title='bbox 485 1165 524 1208; x_wconf 83' lang='lat' dir='ltr'>ex</span> <span class='ocrx_word' id='word_1_79' title='bbox 549 1165 588 1208; x_wconf 89' lang='lat' dir='ltr'>ea</span> <span class='ocrx_word' id='word_1_80' title='bbox 610 1143 827 1226; x_wconf 78' lang='lat' dir='ltr'>contumacia,</span> <span class='ocrx_word' id='word_1_81' title='bbox 855 1163 953 1225; x_wconf 88' lang='lat' dir='ltr'>quam</span> <span class='ocrx_word' id='word_1_82' title='bbox 975 1141 1029 1206; x_wconf 92' lang='lat' dir='ltr'>hic</span> <span class='ocrx_word' id='word_1_83' title='bbox 1050 1141 1087 1205; x_wconf 91' lang='lat' dir='ltr'>in</span> <span class='ocrx_word' id='word_1_84' title='bbox 1108 1163 1183 1226; x_wconf 88' lang='lat' dir='ltr'>per·</span> <span class='ocrx_word' id='word_1_85' title='bbox 1199 1163 1222 1201; x_wconf 84' lang='lat'>10</span> 
     </span>
     <span class='ocr_line' id='line_1_12' title="bbox 169 1228 1183 1316; baseline -0.004 -18"><span class='ocrx_word' id='word_1_86' title='bbox 169 1233 246 1298; x_wconf 88' lang='lat' dir='ltr'>ditis</span> <span class='ocrx_word' id='word_1_87' title='bbox 270 1235 367 1297; x_wconf 88' lang='lat' dir='ltr'>rebus</span> <span class='ocrx_word' id='word_1_88' title='bbox 390 1231 523 1315; x_wconf 87' lang='lat' dir='ltr'>retinet,</span> <span class='ocrx_word' id='word_1_89' title='bbox 545 1231 622 1296; x_wconf 90' lang='lat' dir='ltr'>illos</span> <span class='ocrx_word' id='word_1_90' title='bbox 646 1232 714 1296; x_wconf 90' lang='lat' dir='ltr'>eius</span> <span class='ocrx_word' id='word_1_91' title='bbox 738 1230 872 1316; x_wconf 88' lang='lat' dir='ltr'>spiritns</span> <span class='ocrx_word' id='word_1_92' title='bbox 894 1228 1072 1295; x_wconf 82' lang='lat' dir='ltr'>Siciliensis</span> <span class='ocrx_word' id='word_1_93' title='bbox 1096 1250 1183 1313; x_wconf 90' lang='lat' dir='ltr'>quos</span> 
     </span>
     <span class='ocr_line' id='line_1_13' title="bbox 167 1315 1184 1406; baseline -0.004 -20"><span class='ocrx_word' id='word_1_94' title='bbox 167 1321 269 1386; x_wconf 88' lang='lat' dir='ltr'>fuisse</span> <span class='ocrx_word' id='word_1_95' title='bbox 302 1320 439 1406; x_wconf 90' lang='lat' dir='ltr'>putetis,</span> <span class='ocrx_word' id='word_1_96' title='bbox 476 1320 632 1405; x_wconf 83' lang='lat' dir='ltr'>[cogitate</span> <span class='ocrx_word' id='word_1_97' title='bbox 665 1321 714 1401; x_wconf 89' lang='lat' dir='ltr'>ac]</span> <span class='ocrx_word' id='word_1_98' title='bbox 751 1318 973 1384; x_wconf 85' lang='lat' dir='ltr'>recordamini.</span> <span class='ocrx_word' id='word_1_99' title='bbox 1011 1315 1091 1406; x_wconf 85' lang='lat' dir='ltr'>¹Hic</span> <span class='ocrx_word' id='word_1_100' title='bbox 1129 1323 1184 1382; x_wconf 90' lang='lat' dir='ltr'>est</span> 
     </span>
     <span class='ocr_line' id='line_1_14' title="bbox 169 1405 1183 1493; baseline -0.002 -20"><span class='ocrx_word' id='word_1_101' title='bbox 169 1409 344 1493; x_wconf 69' lang='lat' dir='ltr'>Apronius</span> <span class='ocrx_word' id='word_1_102' title='bbox 363 1430 459 1493; x_wconf 91' lang='lat' dir='ltr'>quem</span> <span class='ocrx_word' id='word_1_103' title='bbox 476 1408 512 1472; x_wconf 91' lang='lat' dir='ltr'>in</span> <span class='ocrx_word' id='word_1_104' title='bbox 528 1408 696 1493; x_wconf 87' lang='lat' dir='ltr'>provincis</span> <span class='ocrx_word' id='word_1_105' title='bbox 713 1411 785 1472; x_wconf 85' lang='lat' dir='ltr'>tota</span> <span class='ocrx_word' id='word_1_106' title='bbox 797 1407 926 1491; x_wconf 85' lang='lat' dir='ltr'>Verres,</span> <span class='ocrx_word' id='word_1_107' title='bbox 944 1429 1017 1471; x_wconf 90' lang='lat' dir='ltr'>cum</span> <span class='ocrx_word' id='word_1_108' title='bbox 1035 1405 1183 1490; x_wconf 92' lang='lat' dir='ltr'>undique</span> 
     </span>
     <span class='ocr_line' id='line_1_15' title="bbox 168 1494 1272 1581; baseline -0.003 -20"><span class='ocrx_word' id='word_1_109' title='bbox 168 1497 394 1581; x_wconf 89' lang='lat' dir='ltr'>nequissumos</span> <span class='ocrx_word' id='word_1_110' title='bbox 413 1496 561 1561; x_wconf 90' lang='lat' dir='ltr'>homines</span> <span class='ocrx_word' id='word_1_111' title='bbox 580 1495 804 1580; x_wconf 85' lang='lat' dir='ltr'>conquisisset,</span> <span class='ocrx_word' id='word_1_112' title='bbox 827 1498 951 1560; x_wconf 88' lang='lat' dir='ltr'>etcum</span> <span class='ocrx_word' id='word_1_113' title='bbox 974 1494 1045 1579; x_wconf 91' lang='lat' dir='ltr'>ipse</span> <span class='ocrx_word' id='word_1_114' title='bbox 1069 1515 1184 1559; x_wconf 85' lang='lat' dir='ltr'>secum</span> <span class='ocrx_word' id='word_1_115' title='bbox 1271 1555 1272 1558; x_wconf 74' lang='grc'>,</span> 
     </span>
     <span class='ocr_line' id='line_1_16' title="bbox 169 1573 1272 1668; baseline -0.005 -19"><span class='ocrx_word' id='word_1_116' title='bbox 169 1586 220 1649; x_wconf 91' lang='lat' dir='ltr'>sui</span> <span class='ocrx_word' id='word_1_117' title='bbox 243 1585 365 1650; x_wconf 90' lang='lat' dir='ltr'>similes</span> <span class='ocrx_word' id='word_1_118' title='bbox 390 1585 535 1650; x_wconf 85' lang='lat' dir='ltr'>duxisset</span> <span class='ocrx_word' id='word_1_119' title='bbox 556 1607 623 1650; x_wconf 91' lang='lat' dir='ltr'>non</span> <span class='ocrx_word' id='word_1_120' title='bbox 645 1606 761 1668; x_wconf 88' lang='lat' dir='ltr'>parum</span> <span class='ocrx_word' id='word_1_121' title='bbox 783 1584 918 1665; x_wconf 79' lang='lat' dir='ltr'>multoc,</span> <span class='ocrx_word' id='word_1_122' title='bbox 945 1582 1105 1666; x_wconf 87' lang='lat' dir='ltr'>nequitia,</span> <span class='ocrx_word' id='word_1_123' title='bbox 1132 1583 1223 1648; x_wconf 78' lang='lat' dir='ltr'>ln-1a</span> <span class='ocrx_word' id='word_1_124' title='bbox 1271 1573 1272 1656; x_wconf 67' lang='lat'><em>3</em></span> 
     </span>
     <span class='ocr_line' id='line_1_17' title="bbox 168 1671 1272 1758; baseline -0.001 -20"><span class='ocrx_word' id='word_1_125' title='bbox 168 1674 275 1758; x_wconf 87' lang='lat' dir='ltr'>xuria,</span> <span class='ocrx_word' id='word_1_126' title='bbox 303 1674 437 1739; x_wconf 89' lang='lat' dir='ltr'>audacia</span> <span class='ocrx_word' id='word_1_127' title='bbox 465 1673 516 1740; x_wconf 89' lang='lat' dir='ltr'>sui</span> <span class='ocrx_word' id='word_1_128' title='bbox 542 1673 745 1738; x_wconf 91' lang='lat' dir='ltr'>simillimum</span> <span class='ocrx_word' id='word_1_129' title='bbox 767 1671 935 1758; x_wconf 82' lang='lat' dir='ltr'>iudicavit3</span> <span class='ocrx_word' id='word_1_130' title='bbox 961 1671 1072 1755; x_wconf 91' lang='lat' dir='ltr'>itaque</span> <span class='ocrx_word' id='word_1_131' title='bbox 1094 1671 1185 1737; x_wconf 88' lang='lat' dir='ltr'>istos</span> <span class='ocrx_word' id='word_1_132' title='bbox 1271 1675 1272 1712; x_wconf 68' lang='lat'>³</span> 
     </span>
     <span class='ocr_line' id='line_1_18' title="bbox 167 1759 1272 1847; baseline -0.005 -20"><span class='ocrx_word' id='word_1_133' title='bbox 167 1761 254 1827; x_wconf 85' lang='lat' dir='ltr'>inter</span> <span class='ocrx_word' id='word_1_134' title='bbox 286 1783 320 1827; x_wconf 90' lang='lat' dir='ltr'>se</span> <span class='ocrx_word' id='word_1_135' title='bbox 347 1762 499 1847; x_wconf 83' lang='lat' dir='ltr'>perbrevi</span> <span class='ocrx_word' id='word_1_136' title='bbox 524 1764 672 1846; x_wconf 87' lang='lat' dir='ltr'>tempore</span> <span class='ocrx_word' id='word_1_137' title='bbox 698 1783 765 1826; x_wconf 93' lang='lat' dir='ltr'>non</span> <span class='ocrx_word' id='word_1_138' title='bbox 791 1782 857 1845; x_wconf 87' lang='lat' dir='ltr'>res,</span> <span class='ocrx_word' id='word_1_139' title='bbox 887 1782 955 1825; x_wconf 94' lang='lat' dir='ltr'>non</span> <span class='ocrx_word' id='word_1_140' title='bbox 981 1759 1081 1843; x_wconf 88' lang='lat' dir='ltr'>ratio,</span> <span class='ocrx_word' id='word_1_141' title='bbox 1110 1780 1187 1825; x_wconf 89' lang='lat' dir='ltr'>non</span> <span class='ocrx_word' id='word_1_142' title='bbox 1271 1765 1272 1822; x_wconf 67' lang='lat' dir='ltr'>l</span> 
     </span>
     <span class='ocr_line' id='line_1_19' title="bbox 169 1847 1272 1934; baseline 0.001 -19"><span class='ocrx_word' id='word_1_143' title='bbox 169 1851 406 1915; x_wconf 87' lang='lat' dir='ltr'>commendatio</span> <span class='ocrx_word' id='word_1_144' title='bbox 435 1851 558 1934; x_wconf 88' lang='lat' dir='ltr'>aliqua,</span> <span class='ocrx_word' id='word_1_145' title='bbox 587 1849 643 1913; x_wconf 90' lang='lat' dir='ltr'>sed</span> <span class='ocrx_word' id='word_1_146' title='bbox 669 1848 850 1914; x_wconf 89' lang='lat' dir='ltr'>studiorum</span> <span class='ocrx_word' id='word_1_147' title='bbox 871 1848 1041 1933; x_wconf 90' lang='lat' dir='ltr'>turpitudo</span> <span class='ocrx_word' id='word_1_148' title='bbox 1065 1847 1185 1912; x_wconf 91' lang='lat' dir='ltr'>simili·</span> <span class='ocrx_word' id='word_1_149' title='bbox 1271 1855 1272 1916; x_wconf 74' lang='grc' dir='ltr'>ἶ</span> 
     </span>
     <span class='ocr_line' id='line_1_20' title="bbox 115 1937 1272 2024; baseline -0.002 -20"><span class='ocrx_word' id='word_1_150' title='bbox 115 1955 149 2004; x_wconf 77' lang='lat'>23</span> <span class='ocrx_word' id='word_1_151' title='bbox 169 1940 312 2024; x_wconf 89' lang='lat' dir='ltr'>tudoque</span> <span class='ocrx_word' id='word_1_152' title='bbox 331 1938 505 2004; x_wconf 84' lang='lat' dir='ltr'>coniunxit.</span> <span class='ocrx_word' id='word_1_153' title='bbox 540 1937 654 2003; x_wconf 88' lang='lat' dir='ltr'>Verris</span> <span class='ocrx_word' id='word_1_154' title='bbox 673 1958 779 2002; x_wconf 88' lang='lat' dir='ltr'>mores</span> <span class='ocrx_word' id='word_1_155' title='bbox 800 1937 956 2022; x_wconf 88' lang='lat' dir='ltr'>inprobos</span> <span class='ocrx_word' id='word_1_156' title='bbox 978 1937 1185 2022; x_wconf 88' lang='lat' dir='ltr'>inpurosque</span> <span class='ocrx_word' id='word_1_157' title='bbox 1271 1971 1272 1986; x_wconf 57' lang='lat'>1</span> 
     </span>
     <span class='ocr_line' id='line_1_21' title="bbox 168 2023 1272 2112; baseline -0.007 -20"><span class='ocrx_word' id='word_1_158' title='bbox 168 2027 286 2112; x_wconf 83' lang='lat' dir='ltr'>nostis3</span> <span class='ocrx_word' id='word_1_159' title='bbox 309 2027 425 2112; x_wconf 85' lang='lat' dir='ltr'>fingite</span> <span class='ocrx_word' id='word_1_160' title='bbox 443 2027 537 2092; x_wconf 82' lang='lat' dir='ltr'>vobis</span> <span class='ocrx_word' id='word_1_161' title='bbox 556 2025 707 2110; x_wconf 89' lang='lat' dir='ltr'>aliquem,</span> <span class='ocrx_word' id='word_1_162' title='bbox 730 2025 759 2089; x_wconf 90' lang='lat' dir='ltr'>si</span> <span class='ocrx_word' id='word_1_163' title='bbox 776 2026 923 2111; x_wconf 88' lang='lat' dir='ltr'>potestis,</span> <span class='ocrx_word' id='word_1_164' title='bbox 947 2025 1003 2109; x_wconf 90' lang='lat' dir='ltr'>qui</span> <span class='ocrx_word' id='word_1_165' title='bbox 1020 2025 1056 2090; x_wconf 88' lang='lat' dir='ltr'>in</span> <span class='ocrx_word' id='word_1_166' title='bbox 1074 2027 1184 2090; x_wconf 90' lang='lat' dir='ltr'>omni-</span> <span class='ocrx_word' id='word_1_167' title='bbox 1199 2047 1224 2085; x_wconf 70' lang='grc' dir='ltr'>ευ</span> <span class='ocrx_word' id='word_1_168' title='bbox 1271 2023 1272 2032; x_wconf 77' lang='grc'>’</span> 
     </span>
     <span class='ocr_line' id='line_1_22' title="bbox 167 2112 1185 2200; baseline 0 -21"><span class='ocrx_word' id='word_1_169' title='bbox 167 2115 229 2180; x_wconf 92' lang='lat' dir='ltr'>bus</span> <span class='ocrx_word' id='word_1_170' title='bbox 261 2115 319 2180; x_wconf 91' lang='lat' dir='ltr'>isti</span> <span class='ocrx_word' id='word_1_171' title='bbox 350 2115 447 2179; x_wconf 91' lang='lat' dir='ltr'>rebus</span> <span class='ocrx_word' id='word_1_172' title='bbox 478 2137 540 2200; x_wconf 87' lang='lat' dir='ltr'>par</span> <span class='ocrx_word' id='word_1_173' title='bbox 568 2115 608 2178; x_wconf 90' lang='lat' dir='ltr'>ad</span> <span class='ocrx_word' id='word_1_174' title='bbox 636 2113 779 2178; x_wconf 92' lang='lat' dir='ltr'>omnium</span> <span class='ocrx_word' id='word_1_175' title='bbox 807 2114 1007 2198; x_wconf 85' lang='lat' dir='ltr'>flagitiorum</span> <span class='ocrx_word' id='word_1_176' title='bbox 1034 2112 1185 2179; x_wconf 87' lang='lat' dir='ltr'>nefarias</span> 
     </span>
     <span class='ocr_line' id='line_1_23' title="bbox 168 2201 1187 2305; baseline 0.001 -38"><span class='ocrx_word' id='word_1_177' title='bbox 168 2203 320 2305; x_wconf 79' lang='lat' dir='ltr'>libidines</span> <span class='ocrx_word' id='word_1_178' title='bbox 353 2223 423 2267; x_wconf 90' lang='lat' dir='ltr'>esse</span> <span class='ocrx_word' id='word_1_179' title='bbox 452 2203 571 2305; x_wconf 81' lang='lat' dir='ltr'>possit3</span> <span class='ocrx_word' id='word_1_180' title='bbox 602 2203 631 2266; x_wconf 90' lang='lat' dir='ltr'>is</span> <span class='ocrx_word' id='word_1_181' title='bbox 659 2202 721 2267; x_wconf 88' lang='lat' dir='ltr'>erit</span> <span class='ocrx_word' id='word_1_182' title='bbox 744 2202 909 2287; x_wconf 87' lang='lat' dir='ltr'>Apronius</span> <span class='ocrx_word' id='word_1_183' title='bbox 937 2202 1007 2286; x_wconf 91' lang='lat' dir='ltr'>ille,</span> <span class='ocrx_word' id='word_1_184' title='bbox 1040 2201 1108 2303; x_wconf 87' lang='lat' dir='ltr'>qui,</span> <span class='ocrx_word' id='word_1_185' title='bbox 1144 2207 1187 2305; x_wconf 78' lang='lat' dir='ltr'>ut</span> 
     </span>
     <span class='ocr_line' id='line_1_24' title="bbox 167 2290 1186 2465; baseline 0 -21"><span class='ocrx_word' id='word_1_186' title='bbox 167 2290 852 2465; x_wconf 50' lang='lat' dir='ltr'>tt,{talitatisAttila</span> <span class='ocrx_word' id='word_1_187' title='bbox 866 2295 1186 2464; x_wconf 46' lang='lat' dir='ltr'>libellati&amp;</span> 
     </span>
     <span class='ocr_line' id='line_1_25' title="bbox 167 2466 1226 2554; baseline -0.004 -23"><span class='ocrx_word' id='word_1_188' title='bbox 167 2466 470 2552; x_wconf 89' lang='lat' dir='ltr'>turpitudinumque</span> <span class='ocrx_word' id='word_1_189' title='bbox 497 2467 650 2532; x_wconf 91' lang='lat' dir='ltr'>omnium.</span> <span class='ocrx_word' id='word_1_190' title='bbox 696 2467 790 2531; x_wconf 88' lang='lat' dir='ltr'>Hunc</span> <span class='ocrx_word' id='word_1_191' title='bbox 811 2467 848 2531; x_wconf 92' lang='lat' dir='ltr'>in</span> <span class='ocrx_word' id='word_1_192' title='bbox 870 2468 1019 2532; x_wconf 90' lang='lat' dir='ltr'>omnibus</span> <span class='ocrx_word' id='word_1_193' title='bbox 1044 2468 1186 2554; x_wconf 86' lang='lat' dir='ltr'>stupris,</span> <span class='ocrx_word' id='word_1_194' title='bbox 1200 2487 1226 2528; x_wconf 82' lang='lat' dir='ltr'>ss</span> 
     </span>
     <span class='ocr_line' id='line_1_26' title="bbox 168 2554 1186 2640; baseline -0.001 -21"><span class='ocrx_word' id='word_1_195' title='bbox 168 2554 254 2619; x_wconf 92' lang='lat' dir='ltr'>hunc</span> <span class='ocrx_word' id='word_1_196' title='bbox 276 2554 482 2621; x_wconf 78' lang='lat' dir='ltr'>insanorum</span> <span class='ocrx_word' id='word_1_197' title='bbox 506 2556 766 2640; x_wconf 87' lang='lat' dir='ltr'>expilationibus,</span> <span class='ocrx_word' id='word_1_198' title='bbox 788 2555 877 2620; x_wconf 90' lang='lat' dir='ltr'>hunc</span> <span class='ocrx_word' id='word_1_199' title='bbox 898 2555 934 2620; x_wconf 88' lang='lat' dir='ltr'>in</span> <span class='ocrx_word' id='word_1_200' title='bbox 955 2555 1079 2640; x_wconf 91' lang='lat' dir='ltr'>inpuris</span> <span class='ocrx_word' id='word_1_201' title='bbox 1103 2577 1186 2620; x_wconf 91' lang='lat' dir='ltr'>con·</span> 
     </span>
     <span class='ocr_line' id='line_1_27' title="bbox 168 2643 1186 2729; baseline 0.003 -22"><span class='ocrx_word' id='word_1_202' title='bbox 168 2643 263 2708; x_wconf 74' lang='lat' dir='ltr'>viniis</span> <span class='ocrx_word' id='word_1_203' title='bbox 291 2643 468 2729; x_wconf 91' lang='lat' dir='ltr'>principem</span> <span class='ocrx_word' id='word_1_204' title='bbox 495 2643 684 2729; x_wconf 82' lang='lat' dir='ltr'>adhibebat3</span> <span class='ocrx_word' id='word_1_205' title='bbox 711 2648 903 2728; x_wconf 87' lang='lat' dir='ltr'>tantamque</span> <span class='ocrx_word' id='word_1_206' title='bbox 925 2643 1026 2709; x_wconf 87' lang='lat' dir='ltr'>habet</span> <span class='ocrx_word' id='word_1_207' title='bbox 1048 2665 1186 2710; x_wconf 89' lang='lat' dir='ltr'>morum</span> 
     </span>
     <span class='ocr_line' id='line_1_28' title="bbox 169 2731 1186 2818; baseline 0.004 -23"><span class='ocrx_word' id='word_1_208' title='bbox 169 2731 348 2797; x_wconf 85' lang='lat' dir='ltr'>similitudo</span> <span class='ocrx_word' id='word_1_209' title='bbox 373 2731 631 2797; x_wconf 88' lang='lat' dir='ltr'>coniunctionem</span> <span class='ocrx_word' id='word_1_210' title='bbox 654 2736 752 2818; x_wconf 90' lang='lat' dir='ltr'>atque</span> <span class='ocrx_word' id='word_1_211' title='bbox 775 2732 988 2816; x_wconf 88' lang='lat' dir='ltr'>concordiam,</span> <span class='ocrx_word' id='word_1_212' title='bbox 1011 2735 1049 2795; x_wconf 92' lang='lat' dir='ltr'>ut</span> <span class='ocrx_word' id='word_1_213' title='bbox 1072 2731 1186 2816; x_wconf 87' lang='lat' dir='ltr'>Apro-</span> 
     </span>
     <span class='ocr_line' id='line_1_29' title="bbox 167 2819 1186 2906; baseline 0.003 -22"><span class='ocrx_word' id='word_1_214' title='bbox 167 2820 254 2904; x_wconf 91' lang='lat' dir='ltr'>nius,</span> <span class='ocrx_word' id='word_1_215' title='bbox 282 2821 337 2904; x_wconf 92' lang='lat' dir='ltr'>qui</span> <span class='ocrx_word' id='word_1_216' title='bbox 361 2819 434 2884; x_wconf 88' lang='lat' dir='ltr'>aliis</span> <span class='ocrx_word' id='word_1_217' title='bbox 457 2819 652 2884; x_wconf 89' lang='lat' dir='ltr'>inhumanus</span> <span class='ocrx_word' id='word_1_218' title='bbox 677 2843 714 2886; x_wconf 87' lang='lat' dir='ltr'>cc</span> <span class='ocrx_word' id='word_1_219' title='bbox 737 2821 911 2906; x_wconf 86' lang='lat' dir='ltr'>barbarus,</span> <span class='ocrx_word' id='word_1_220' title='bbox 933 2820 990 2885; x_wconf 90' lang='lat' dir='ltr'>isti</span> <span class='ocrx_word' id='word_1_221' title='bbox 1012 2820 1069 2884; x_wconf 92' lang='lat' dir='ltr'>uni</span> <span class='ocrx_word' id='word_1_222' title='bbox 1091 2841 1186 2888; x_wconf 90' lang='lat' dir='ltr'>com-</span> 
     </span>
     <span class='ocr_line' id='line_1_30' title="bbox 168 2907 1227 2994; baseline -0.003 -20"><span class='ocrx_word' id='word_1_223' title='bbox 168 2909 283 2974; x_wconf 92' lang='lat' dir='ltr'>modus</span> <span class='ocrx_word' id='word_1_224' title='bbox 302 2931 339 2973; x_wconf 89' lang='lat' dir='ltr'>ac</span> <span class='ocrx_word' id='word_1_225' title='bbox 358 2909 498 2972; x_wconf 88' lang='lat' dir='ltr'>disertus</span> <span class='ocrx_word' id='word_1_226' title='bbox 517 2907 688 2993; x_wconf 82' lang='lat' dir='ltr'>videretur,</span> <span class='ocrx_word' id='word_1_227' title='bbox 710 2913 758 2993; x_wconf 90' lang='lat' dir='ltr'>ut,</span> <span class='ocrx_word' id='word_1_228' title='bbox 781 2931 877 2994; x_wconf 87' lang='lat' dir='ltr'>quem</span> <span class='ocrx_word' id='word_1_229' title='bbox 896 2930 1007 2975; x_wconf 89' lang='lat' dir='ltr'>omnes</span> <span class='ocrx_word' id='word_1_230' title='bbox 1031 2908 1186 2976; x_wconf 88' lang='lat' dir='ltr'>odissent</span> <span class='ocrx_word' id='word_1_231' title='bbox 1202 2932 1227 2971; x_wconf 82' lang='lat' dir='ltr'>eo</span> 
     </span>
     <span class='ocr_line' id='line_1_31' title="bbox 167 2996 1186 3086; baseline 0.003 -24"><span class='ocrx_word' id='word_1_232' title='bbox 167 3019 271 3082; x_wconf 90' lang='lat' dir='ltr'>neque</span> <span class='ocrx_word' id='word_1_233' title='bbox 290 2997 399 3062; x_wconf 82' lang='lat' dir='ltr'>videre</span> <span class='ocrx_word' id='word_1_234' title='bbox 417 2996 549 3078; x_wconf 84' lang='lat' dir='ltr'>vellent,</span> <span class='ocrx_word' id='word_1_235' title='bbox 573 2996 641 3060; x_wconf 89' lang='lat' dir='ltr'>sine</span> <span class='ocrx_word' id='word_1_236' title='bbox 660 3019 698 3061; x_wconf 90' lang='lat' dir='ltr'>eo</span> <span class='ocrx_word' id='word_1_237' title='bbox 716 2998 780 3062; x_wconf 88' lang='lat' dir='ltr'>iste</span> <span class='ocrx_word' id='word_1_238' title='bbox 803 3019 874 3064; x_wconf 85' lang='lat' dir='ltr'>csse</span> <span class='ocrx_word' id='word_1_239' title='bbox 896 3020 962 3063; x_wconf 90' lang='lat' dir='ltr'>non</span> <span class='ocrx_word' id='word_1_240' title='bbox 985 3001 1106 3083; x_wconf 90' lang='lat' dir='ltr'>posset,</span> <span class='ocrx_word' id='word_1_241' title='bbox 1134 3005 1186 3086; x_wconf 91' lang='lat' dir='ltr'>ut,</span> 
     </span>
     <span class='ocr_line' id='line_1_32' title="bbox 168 3084 1186 3174; baseline 0.004 -24"><span class='ocrx_word' id='word_1_242' title='bbox 168 3108 241 3151; x_wconf 91' lang='lat' dir='ltr'>cum</span> <span class='ocrx_word' id='word_1_243' title='bbox 265 3085 323 3150; x_wconf 89' lang='lat' dir='ltr'>alii</span> <span class='ocrx_word' id='word_1_244' title='bbox 344 3106 384 3149; x_wconf 92' lang='lat' dir='ltr'>ne</span> <span class='ocrx_word' id='word_1_245' title='bbox 408 3084 564 3150; x_wconf 83' lang='lat' dir='ltr'>conviviis</span> <span class='ocrx_word' id='word_1_246' title='bbox 589 3084 717 3167; x_wconf 90' lang='lat' dir='ltr'>quidem</span> <span class='ocrx_word' id='word_1_247' title='bbox 739 3086 843 3150; x_wconf 89' lang='lat' dir='ltr'>isdem</span> <span class='ocrx_word' id='word_1_248' title='bbox 866 3087 983 3172; x_wconf 92' lang='lat' dir='ltr'>quibus</span> <span class='ocrx_word' id='word_1_249' title='bbox 1000 3084 1186 3174; x_wconf 85' lang='lat' dir='ltr'>Apronius,</span> 
     </span>
     <span class='ocr_line' id='line_1_33' title="bbox 167 3172 1187 3261; baseline 0.004 -22"><span class='ocrx_word' id='word_1_250' title='bbox 167 3174 221 3239; x_wconf 89' lang='lat' dir='ltr'>hic</span> <span class='ocrx_word' id='word_1_251' title='bbox 247 3173 351 3238; x_wconf 90' lang='lat' dir='ltr'>isdem</span> <span class='ocrx_word' id='word_1_252' title='bbox 379 3173 478 3238; x_wconf 87' lang='lat' dir='ltr'>etiam</span> <span class='ocrx_word' id='word_1_253' title='bbox 504 3172 630 3258; x_wconf 91' lang='lat' dir='ltr'>poculis</span> <span class='ocrx_word' id='word_1_254' title='bbox 657 3176 816 3258; x_wconf 87' lang='lat' dir='ltr'>uteretur,</span> <span class='ocrx_word' id='word_1_255' title='bbox 843 3179 1009 3261; x_wconf 91' lang='lat' dir='ltr'>postremo</span> <span class='ocrx_word' id='word_1_256' title='bbox 1034 3179 1073 3239; x_wconf 93' lang='lat' dir='ltr'>ut</span> <span class='ocrx_word' id='word_1_257' title='bbox 1096 3176 1187 3243; x_wconf 90' lang='lat' dir='ltr'>odor</span> 
     </span>
     <span class='ocr_line' id='line_1_34' title="bbox 167 3261 1186 3350; baseline 0.005 -24"><span class='ocrx_word' id='word_1_258' title='bbox 167 3262 294 3347; x_wconf 89' lang='lat' dir='ltr'>Aproni</span> <span class='ocrx_word' id='word_1_259' title='bbox 317 3262 523 3327; x_wconf 88' lang='lat' dir='ltr'>taeterrimus</span> <span class='ocrx_word' id='word_1_260' title='bbox 547 3261 614 3326; x_wconf 85' lang='lat' dir='ltr'>oris</span> <span class='ocrx_word' id='word_1_261' title='bbox 638 3266 671 3327; x_wconf 90' lang='lat' dir='ltr'>et</span> <span class='ocrx_word' id='word_1_262' title='bbox 693 3263 852 3348; x_wconf 89' lang='lat' dir='ltr'>corporis,</span> <span class='ocrx_word' id='word_1_263' title='bbox 881 3286 989 3348; x_wconf 89' lang='lat' dir='ltr'>quem,</span> <span class='ocrx_word' id='word_1_264' title='bbox 1015 3266 1052 3328; x_wconf 93' lang='lat' dir='ltr'>ut</span> <span class='ocrx_word' id='word_1_265' title='bbox 1076 3263 1186 3350; x_wconf 89' lang='lat' dir='ltr'>aiunt,</span> 
     </span>
     <span class='ocr_line' id='line_1_35' title="bbox 166 3350 1229 3437; baseline 0.001 -24"><span class='ocrx_word' id='word_1_266' title='bbox 166 3371 208 3414; x_wconf 90' lang='lat' dir='ltr'>ne</span> <span class='ocrx_word' id='word_1_267' title='bbox 235 3350 359 3414; x_wconf 86' lang='lat' dir='ltr'>bestiae</span> <span class='ocrx_word' id='word_1_268' title='bbox 388 3350 517 3432; x_wconf 90' lang='lat' dir='ltr'>quidem</span> <span class='ocrx_word' id='word_1_269' title='bbox 543 3350 628 3415; x_wconf 82' lang='lat' dir='ltr'>ferre</span> <span class='ocrx_word' id='word_1_270' title='bbox 655 3355 803 3437; x_wconf 87' lang='lat' dir='ltr'>possent,</span> <span class='ocrx_word' id='word_1_271' title='bbox 834 3352 891 3416; x_wconf 91' lang='lat' dir='ltr'>uni</span> <span class='ocrx_word' id='word_1_272' title='bbox 917 3353 975 3416; x_wconf 90' lang='lat' dir='ltr'>isti</span> <span class='ocrx_word' id='word_1_273' title='bbox 1003 3352 1112 3417; x_wconf 86' lang='lat' dir='ltr'>suavis</span> <span class='ocrx_word' id='word_1_274' title='bbox 1150 3360 1187 3420; x_wconf 88' lang='lat' dir='ltr'>ct</span> <span class='ocrx_word' id='word_1_275' title='bbox 1202 3375 1229 3415; x_wconf 74' lang='lat' dir='ltr'>sa</span> 
     </span>
     <span class='ocr_line' id='line_1_36' title="bbox 167 3436 1187 3530; baseline 0.011 -30"><span class='ocrx_word' id='word_1_276' title='bbox 167 3436 324 3502; x_wconf 88' lang='lat' dir='ltr'>iucundus</span> <span class='ocrx_word' id='word_1_277' title='bbox 350 3437 523 3505; x_wconf 87' lang='lat' dir='ltr'>videretur.</span> <span class='ocrx_word' id='word_1_278' title='bbox 568 3438 628 3504; x_wconf 89' lang='lat' dir='ltr'>Ille</span> <span class='ocrx_word' id='word_1_279' title='bbox 657 3443 727 3504; x_wconf 90' lang='lat' dir='ltr'>erat</span> <span class='ocrx_word' id='word_1_280' title='bbox 753 3439 789 3503; x_wconf 91' lang='lat' dir='ltr'>in</span> <span class='ocrx_word' id='word_1_281' title='bbox 816 3441 974 3506; x_wconf 90' lang='lat' dir='ltr'>tribunali</span> <span class='ocrx_word' id='word_1_282' title='bbox 999 3441 1187 3530; x_wconf 85' lang='lat' dir='ltr'>proximus,</span> 
     </span>
    </p>
   </div>
   <div class='ocr_carea' id='block_1_5' title="bbox 167 3522 1187 3618">
    <p class='ocr_par' dir='ltr' id='par_1_5' title="bbox 167 3522 1187 3618">
     <span class='ocr_line' id='line_1_37' title="bbox 167 3522 1187 3618; baseline 0.015 -34"><span class='ocrx_word' id='word_1_283' title='bbox 167 3522 201 3586; x_wconf 92' lang='lat' dir='ltr'>in</span> <span class='ocrx_word' id='word_1_284' title='bbox 216 3523 362 3590; x_wconf 87' lang='lat' dir='ltr'>cubiculo</span> <span class='ocrx_word' id='word_1_285' title='bbox 378 3528 476 3612; x_wconf 82' lang='lat' dir='ltr'>solus,</span> <span class='ocrx_word' id='word_1_286' title='bbox 493 3527 530 3592; x_wconf 91' lang='lat' dir='ltr'>in</span> <span class='ocrx_word' id='word_1_287' title='bbox 543 3527 691 3593; x_wconf 87' lang='lat' dir='ltr'>convivio</span> <span class='ocrx_word' id='word_1_288' title='bbox 706 3527 865 3612; x_wconf 90' lang='lat' dir='ltr'>dominus,</span> <span class='ocrx_word' id='word_1_289' title='bbox 884 3550 922 3594; x_wconf 89' lang='lat' dir='ltr'>ac</span> <span class='ocrx_word' id='word_1_290' title='bbox 936 3533 1007 3594; x_wconf 89' lang='lat' dir='ltr'>tum</span> <span class='ocrx_word' id='word_1_291' title='bbox 1027 3529 1187 3618; x_wconf 85' lang='lat' dir='ltr'>maxime,</span> 
     </span>
    </p>
   </div>
   <div class='ocr_carea' id='block_1_6' title="bbox 0 0 1292 3882">
    <p class='ocr_par' dir='ltr' id='par_1_6' title="bbox 0 0 1292 3882">
     <span class='ocr_line' id='line_1_38' title="bbox 0 0 1292 3882; baseline 0 0"><span class='ocrx_word' id='word_1_292' title='bbox 0 0 1292 3882; x_wconf 95' lang='lat' dir='ltr'> </span> 
     </span>
    </p>
   </div>
  </div>
 </body>
</html>
