2600 3878
174 189 240 256 352
476 188 517 244 m
535 189 564 244 0.
579 187 736 243 vsusau
753 185 834 243 sor.
852 187 885 243 11.
933 143 938 156 ’

173 337 274 402 habet
307 335 342 400 in
377 334 511 400 urbanis
545 334 696 420 praediis.
748 331 836 400 Nam
867 355 941 399 curn
973 335 1101 400 aratori
1135 335 1185 400 ali-

174 424 251 508 quid
272 423 464 508 imponitur,
490 445 558 488 non
579 423 734 507 hominis,
761 422 790 487 si
813 443 895 506 quae
917 426 995 488 sunt
1016 427 1185 508 practerea

172 513 360 597 facultates,
388 512 444 576 sed
471 512 628 577 arationis
655 511 758 596 ipsius
786 510 836 576 vis
865 533 902 576 ac
928 510 1014 576 ratio
1043 513 1184 577 conside

173 601 276 666 rande
298 605 362 685 est,
390 601 467 686 quid
491 622 529 666 ea
552 600 725 684 sustinere,
751 599 828 684 quid
851 599 933 683 pati,
957 599 1036 683 quid
1060 601 1183 666 efficere

171 689 277 773 possit
314 711 352 755 ac
388 689 517 773 debeet3
554 710 749 773 quamquam
785 688 837 752 illi
872 687 1020 753 homines
1059 710 1205 774 qnoques

172 781 249 843 sunt
270 778 311 843 ab
329 778 396 844 isto
419 777 509 844 omni
530 777 657 842 ratione
681 776 837 842 exinaniti
859 798 896 841 ao
918 776 1052 861 perditi3
1075 781 1183 842 tamen

171 865 234 932 hoc
256 866 350 932 vobis
373 870 424 932 est
447 867 667 950 statuendum,
696 864 773 949 quid
796 868 958 930 aratorem
980 865 1092 948 ipsum
1117 889 1183 931 ara-

171 955 271 1020 tionis
289 955 419 1020 nomine
440 955 582 1020 muneris
604 955 639 1019 in
661 976 730 1019 rem
752 953 916 1038 publicam
938 953 1033 1039 fungi
1057 977 1095 1020 ac
1120 977 1184 1020 sus

171 1043 276 1109 tinere
298 1044 416 1109 velitis.
458 1042 632 1128 Imponitis
655 1042 819 1125 decumas,
846 1041 1029 1126 patiuntur3
1054 1043 1184 1128 alteras,

172 1133 373 1217 temporibus
396 1132 514 1196 vestris
538 1131 741 1196 serviendum
763 1133 895 1215 putant3
923 1134 1068 1214 emptum
1091 1154 1183 1216 prae-
1198 1153 1219 1192 o

120 1231 171 1283 200
189 1225 289 1304 terea,
312 1220 444 1304 dabunt,
467 1219 496 1284 si
513 1219 640 1284 voletis.
681 1218 770 1284 Haec
792 1240 891 1303 quam
913 1219 980 1284 sint
1003 1220 1129 1305 gravia,
1153 1223 1185 1285 et
1284 1245 1285 1252 ¹

172 1308 250 1393 quid
278 1307 331 1372 his
357 1308 455 1373 rebus
484 1307 638 1372 detractis
666 1307 772 1392 possit
800 1307 840 1371 ad
868 1307 1015 1371 dominos
1042 1309 1120 1392 puri
1148 1331 1186 1374 ao

171 1397 289 1480 reliqui
315 1397 496 1480 pervenire,
524 1397 619 1462 credo
643 1418 702 1461 vos
727 1397 780 1476 [ex
802 1395 920 1460 uestris
942 1395 1117 1481 inpensis,]
1147 1419 1186 1462 cx

170 1485 289 1550 vestris
304 1485 401 1549 rebus
420 1485 551 1550 rusticis
570 1485 755 1550 coniectura
774 1483 908 1568 adsequi
925 1505 1029 1568 posse.
1061 1485 1185 1550 Addite

169 1595 255 1638 nunc
282 1573 394 1638 eodem
421 1573 516 1638 istius
545 1573 662 1657 edicte,
693 1572 859 1656 instituta,
890 1572 1040 1656 iniurias,
1073 1573 1184 1638 addite
1199 1591 1221 1632 u

171 1661 298 1746 Aproni
319 1661 597 1746 Veneriorumque
628 1683 795 1726 servorum
825 1660 862 1725 in
893 1681 973 1744 agro
1004 1661 1184 1728 decumano

170 1773 273 1836 regna
300 1773 337 1816 ao
361 1751 502 1835 rapinas.
548 1749 751 1834 Quamquam
773 1748 854 1814 haec
877 1749 1008 1833 omitto;
1036 1749 1076 1814 de
1099 1752 1185 1816 cella

169 1839 294 1923 loquor.
339 1838 453 1904 Placet
477 1839 570 1904 vobis
593 1839 628 1902 in
650 1838 766 1903 cellam
789 1836 1038 1923 magistratibus
1062 1840 1184 1904 vestris

169 1927 369 1992 frumentum
394 1927 519 1994 Siculos
548 1927 652 2013 gratis
676 1925 774 1990 dare?
815 1924 899 2001 Quid
922 1926 984 1991 hoc
1005 1927 1184 2014 indignius,

170 2016 248 2100 quid
281 2016 368 2098 [hoc]
401 2016 565 2101 iniquius?
615 2015 723 2098 Atque
755 2014 817 2079 hoc
849 2014 965 2079 scitote
995 2016 1183 2081 aratoribus
1197 2035 1222 2074 2⁰
1282 2011 1285 2024 ’

169 2102 272 2169 Verre
294 2107 446 2188 praetore
469 2103 647 2190 optandum
671 2125 709 2168 ao
731 2103 906 2186 petendum
928 2103 1038 2169 fuisse.

117 2187 158 2254 87
237 2191 405 2257 Sositheus
421 2196 471 2256 est
484 2192 679 2276 Entellinus,
697 2191 795 2256 homo
815 2213 887 2256 oum
906 2192 1020 2275 primis
1038 2192 1183 2277 prudens

170 2283 203 2344 et
235 2280 323 2344 domi
353 2281 488 2365 nobilis,
520 2282 610 2347 ouius
641 2280 742 2345 verba
773 2279 925 2363 audietis,
958 2279 1014 2364 qui
1045 2280 1086 2344 ad
1118 2281 1183 2346 hoc

169 2368 322 2432 iudicium
353 2369 481 2452 legatus
509 2369 638 2454 publice
666 2391 739 2434 cum
761 2367 938 2432 Artemone
966 2371 999 2431 et
1026 2367 1182 2453 Menisco,

168 2456 333 2541 primariis
352 2457 441 2542 viris,
459 2458 576 2522 missus
596 2460 654 2520 est,
685 2455 719 2520 Is
738 2478 811 2521 cum
829 2456 864 2520 in
882 2459 999 2522 senatu
1010 2455 1181 2523 Entellino
1197 2475 1225 2515 2⁵

169 2545 274 2610 multa
301 2567 427 2610 meeum
455 2546 494 2610 de
521 2546 616 2609 istius
639 2544 765 2608 iniuriis
789 2548 915 2630 ageret,
942 2545 1005 2610 hoc
1028 2545 1122 2610 dixit:
1153 2547 1183 2610 si

168 2633 231 2698 hoc
263 2633 301 2698 de
333 2634 416 2698 celle
449 2637 546 2717 atque
578 2633 640 2698 hac
674 2633 910 2698 aestumatione
942 2634 1182 2718 concederetur,

168 2722 253 2786 velle
281 2720 406 2787 Siculos
439 2722 566 2786 senatui
597 2721 745 2806 polliceri
773 2720 973 2786 frumentum
999 2723 1035 2788 in
1061 2723 1181 2787 cellam

169 2810 282 2897 gratis,
295 2832 336 2875 ne
350 2811 488 2896 posthac
500 2813 611 2875 tantas
625 2810 777 2894 pecunias
791 2811 1041 2897 magistratibus
1055 2811 1180 2876 nostris

115 2909 166 2959 201
187 2899 437 2964 decerneremus.
460 2898 646 2984 Perspicere
658 2921 716 2964 vos
729 2901 816 2963 certo
832 2899 907 2982 scie,
922 2897 1039 2964 Siculis
1055 2904 1179 2983 quanto
1197 2917 1227 2956 00

169 3009 265 3072 opere
283 2987 346 3053 hoc
365 2988 514 3072 expediat
531 3009 597 3052 non
616 2987 657 3051 ud
676 2987 873 3071 aequitatem
892 2987 1098 3071 condicionis,
1122 2987 1180 3052 sed

169 3076 210 3140 ud
237 3076 372 3140 minima
401 3077 562 3141 malorum
586 3076 743 3162 eligenda.
788 3073 967 3159 Numqui,
995 3096 1064 3140 cum
1086 3076 1180 3140 mille

168 3165 312 3229 modium
321 3163 419 3229 Verri
433 3187 510 3230 suae
524 3165 627 3250 partis
642 3165 677 3228 in
690 3163 806 3230 cellam
821 3163 925 3248 gratis
945 3163 1096 3247 dedisset,
1114 3164 1179 3228 duo

169 3252 260 3316 milia
277 3274 446 3317 nummum
466 3256 523 3317 eut
542 3275 704 3318 summum
724 3251 789 3315 trie
812 3250 961 3336 dedisset,
983 3251 1071 3316 idem
1093 3273 1180 3317 nunc

168 3359 227 3418 pro
247 3339 358 3403 eodem
376 3361 510 3404 numero
528 3340 684 3404 frumenti
702 3337 758 3403 HS
776 3341 841 3405 iffi
864 3341 940 3404 dare
964 3344 1095 3406 coactus
1118 3345 1180 3406 est.
1195 3356 1225 3398 ³⁵

168 3422 240 3488 Hoc
272 3429 381 3489 arator
414 3427 547 3511 adsequi
578 3448 637 3510 per
666 3427 841 3492 triennium
869 3432 955 3493 certe
981 3427 1091 3494 fructu
1118 3450 1178 3493 suo

167 3528 235 3570 non
245 3510 361 3592 potuit,
375 3512 554 3576 vendiderit
567 3513 819 3579 instrumentum
832 3537 962 3579 neccsse
977 3519 1036 3580 est.
1056 3516 1179 3593 Quodsi

1279 745 1285 786 l
