2622 3884
199 181 265 246 320
500 179 541 233 IN
560 178 588 235 G.
603 179 759 235 VERREM
775 179 854 237 AGT.
873 181 908 236 ΙΙ.

199 348 234 391 se
247 324 374 390 misisse
387 327 420 389 et
433 324 651 408 confirmasse,
665 347 759 390 suam
773 346 807 389 se
820 323 1055 408 interposuisse
1069 324 1211 390 auctori-

198 417 315 497 tatem3
337 416 467 478 tantum
490 414 586 479 modo
609 414 794 479 aratoribus
813 412 966 477 Metellus
990 413 1119 478 obsides
1142 435 1211 479 non

199 502 287 567 dedit
307 523 341 566 se
359 501 394 566 in
410 502 503 567 nulla
521 523 555 567 re
569 501 682 568 Verris
706 503 846 568 similem
868 501 1024 567 futurum.
1061 501 1108 567 At
1132 502 1211 586 quid

198 594 249 656 est
271 591 416 675 tandem,
437 590 473 654 in
496 612 559 675 quo
583 612 618 656 se
641 591 826 656 elaborasse
849 590 950 655 dicit?
990 590 1113 656 Recita.
1156 589 1210 655 Ur

198 696 393 763 ARATORES,
421 697 482 757 QUI
504 697 648 758 numeru
670 697 800 764 nulus,
828 696 926 757 Quin
947 697 1130 744 Pnusmun
1154 696 1237 745 sle-a

197 785 347 833 nunnus.
389 767 452 845 Qui
474 767 614 851 reliqui?
638 768 799 852 quidhoc
822 766 1057 851 est‘reliqui'?
1081 788 1147 852 quo
1172 789 1210 832 ex

198 857 300 942 bello,
327 878 390 941 qua
419 878 457 920 ax
479 857 658 922 vastitate?
700 855 789 932 Quae
812 855 898 921 enim
920 855 956 920 in
980 855 1091 922 Sicilia
1113 859 1210 921 tanta

199 946 306 1010 clades
330 948 388 1010 aut
411 944 497 1029 quod
518 945 643 1010 bellum
665 948 735 1010 tam
759 945 961 1028 diuturnum,
982 949 1052 1009 tam
1075 945 1210 1010 calami-

197 1038 308 1099 tosum
325 1037 359 1098 te
377 1037 526 1116 praetore
545 1037 710 1100 versatum
728 1037 788 1119 est,
809 1037 848 1098 ut
864 1033 902 1117 is,
927 1033 982 1117 qui
999 1032 1062 1097 tibi
1086 1055 1210 1099 succes-

145 1177 189 1241 54
199 1123 287 1207 serit,
305 1122 448 1223 reliquos
467 1125 613 1187 aratores
625 1122 799 1224 eollegisse
813 1124 851 1225 et·
859 1143 1021 1224 recreasse
1035 1121 1209 1187 videatur?
1224 1142 1249 1180 ιο

146 1208 1210 1385 12⁵,mictu,siracusanusremus

197 1386 304 1451 vincia
318 1407 456 1472 magnae
469 1386 685 1472 fugitivorum
699 1388 810 1472 copiae
826 1391 974 1453 versatae
994 1390 1078 1470 sunt,
1096 1391 1209 1453 tamen

198 1478 365 1540 aratorum
383 1475 529 1540 interitio
547 1476 636 1540 facta
652 1477 745 1541 nulla
768 1479 827 1542 est.
863 1475 947 1540 Tum
971 1476 1109 1540 sementi
1131 1497 1208 1561 prc-

196 1562 303 1628 hibita
337 1567 394 1628 aut
428 1584 533 1628 messe
568 1563 689 1628 amissa
719 1564 844 1629 fructus
878 1585 1002 1628 annuus
1034 1563 1247 1648 interibat315

197 1654 317 1718 tamen¹
333 1651 505 1717 incolumis
528 1674 681 1717 numerus
704 1653 858 1718 manebat
882 1651 1085 1717 dominorum
1109 1656 1208 1738 atque

197 1744 377 1824 aratorum3
409 1743 494 1825 tum,
526 1741 582 1824 qui
607 1740 651 1805 M.
674 1741 817 1807 Laevino
847 1744 905 1805 aut
930 1740 966 1806 P.
988 1740 1121 1824 Rupilio
1151 1745 1208 1806 ant

196 1827 248 1893 Μ’.
263 1829 396 1914 Aquilio
415 1833 581 1913 praetores
599 1829 635 1892 in
658 1852 729 1894 eam
751 1829 952 1914 provinciam
975 1834 1209 1913 successerant,

197 1921 343 1982 aratores
360 1917 503 2002 reliquos
517 1939 584 1982 non
597 1918 805 2003 colligebant.
837 1917 983 1982 Tantone
1001 1917 1076 2002 plus
1086 1918 1208 1984 Verres

197 2028 271 2072 cum
280 2004 427 2089 Apronio
443 2005 628 2091 provinciae
647 2004 775 2071 Siciliae
794 2006 991 2071 calamitatis
1013 2006 1208 2090 importavit
1221 2026 1251 2065 20

197 2116 296 2177 quam
332 2098 390 2158 aut
422 2093 610 2159 Hasdrubal
646 2116 719 2178 cum
751 2095 934 2161 Poenorum
971 2095 1114 2160 exercitu
1151 2100 1210 2160 aut

197 2182 340 2246 Athenio
360 2205 433 2247 cum
452 2183 667 2268 fugitivorum
690 2181 839 2248 maximis
863 2183 974 2268 eopiiS,
996 2186 1034 2247 ut
1051 2185 1209 2268 tempori·
1303 2249 1304 2252 ,

197 2269 258 2333 bus
289 2269 370 2355 illis,
404 2270 500 2335 simul
531 2274 628 2354 atque
659 2271 765 2336 hostis
795 2275 965 2356 superatus
996 2275 1094 2354 esset,
1128 2293 1209 2358 ager

197 2360 344 2423 araretur
381 2358 486 2422 omnis
522 2379 626 2443 neque
663 2359 787 2425 aratori
822 2362 954 2445 praetor
985 2381 1044 2443 per
1073 2360 1208 2426 litteras

198 2444 396 2530 supplicaret
413 2468 517 2531 neque
535 2469 609 2512 eum
627 2469 779 2531 praesens
798 2452 916 2532 oraret,
933 2451 971 2512 ut
990 2469 1087 2532 quam
1105 2450 1208 2534 pluri-
1222 2467 1249 2508 25

197 2555 286 2598 mum
318 2538 452 2618 sereret3
484 2557 569 2600 nune
600 2539 710 2602 autem
739 2558 781 2600 ne
812 2539 888 2621 post
920 2535 1044 2601 abitum
1075 2537 1208 2619 quidem

196 2621 292 2686 huius
329 2621 626 2707 importunissimae
662 2624 764 2709 pestis
797 2624 969 2709 quisquam
999 2625 1209 2709 reperiretur,

198 2710 253 2794 qui
278 2731 336 2776 sua
358 2710 528 2777 voluntate
551 2716 668 2797 araret,
690 2713 786 2797 pauci
809 2716 918 2778 essent
940 2711 1066 2797 reliqui,
1090 2713 1149 2797 qui
1171 2714 1208 2779 L.

196 2798 323 2864 Metelli
354 2800 549 2866 auctoritate
580 2801 616 2864 in
647 2822 744 2887 agros
776 2803 874 2885 atque
906 2800 947 2866 ad
977 2823 1071 2867 suum
1101 2801 1207 2868 larem
1249 2866 1253 2872 ,
1281 2837 1283 2842 ·

196 2886 392 2954 familiarem
415 2889 579 2954 redirent?
726 2963 730 2970 ⁸
1221 2909 1247 2949 eo

145 2978 196 3029 126
262 2975 325 3040 His
357 2979 392 3042 te
424 2977 558 3061 litteris,
592 2977 690 3043 homo
723 2975 935 3043 audacissime
968 2982 1066 3063 atque
1098 3000 1209 3045 amen·

196 3063 336 3150 tissime,
364 3065 548 3151 iugulatum
576 3087 645 3130 esse
667 3087 735 3130 non
757 3067 880 3132 sentis?
911 3087 978 3132 non
999 3067 1104 3151 vides,
1132 3090 1208 3134 cum

196 3150 417 3305 {uult
432 3153 597 3308 *stuli
621 3156 770 3326 ltus?
788 3155 943 3308 illut
961 3155 1207 3310 {tillut

586 3293 595 3326 7

195 3331 300 3410 neque
333 3349 372 3392 ex
404 3331 513 3413 aliqua
545 3331 613 3394 cius
645 3330 733 3395 medi
764 3331 965 3415 calamitate,
998 3332 1053 3397 red
1081 3354 1119 3398 ex
1148 3337 1207 3399 tuo
1222 3350 1247 3392 ³⁵

196 3414 330 3498 scelere,
361 3416 622 3502 importunitate,
652 3419 804 3504 avaritia,
832 3420 1045 3486 crudelitate?
1089 3420 1208 3488 Recita

196 3502 311 3564 cetera.
357 3499 481 3568 Tium
510 3523 578 3571 eno
606 3522 667 3594 so,
697 3524 743 3572 ur
771 3525 942 3575 ramosus
970 3525 1207 3576 nmrrcunrls
1303 3559 1304 3576 2
