2576 3882
338 207 406 266 LIB.
425 209 464 262 111
496 208 574 265 CAP.
596 215 699 266 1o-18
718 217 734 277 ς
752 217 866 267 42··47.
1039 214 1104 280 287

88 373 188 416 nemo
214 374 372 436 umquam
398 357 475 438 post
502 353 672 419 hominum
699 356 889 421 memoriam
910 356 1003 444 fecit,
1030 383 1104 427 cum

90 441 156 504 sibi
174 440 209 504 in
230 441 433 523 provinciam
455 443 722 527 proficiscendum
746 448 887 529 putaret,
909 447 1039 513 litteras
1063 450 1104 514 ad

90 527 223 594 Siciliae
244 529 394 596 civitates
417 530 558 616 miserit,
581 553 639 616 per
663 554 743 616 quas
766 533 918 599 hortatur
942 541 975 600 et
997 543 1103 623 rogat,

89 622 129 682 ut
158 619 263 699 arent,
290 621 327 682 ut
355 622 474 682 serant.
522 618 562 683 In
590 621 745 686 beneficio
772 626 905 707 praetor
931 624 993 690 hoe
1020 628 1104 709 petit

61 706 263 788 saliquanto
292 709 368 770 ante
396 707 572 772 adventum
600 729 694 774 suum
722 713 754 774 et
781 710 878 775 simul
902 714 1045 777 ostendit
1069 737 1103 780 se

89 795 164 878 lege
182 793 363 860 Hieronica
390 796 610 880 venditurum,
637 797 699 862 hoc
727 801 778 862 est
804 798 839 863 in
865 801 954 865 omni
977 803 1103 868 ratione

90 883 301 948 decumarum
326 883 410 948 nihil
432 884 531 949 istius
552 885 659 950 simile
681 884 854 953 facturum.
889 888 1000 973 Atque
1022 890 1103 956 haec

88 993 158 1036 non
181 971 359 1056 cupiditate
383 972 492 1057 aliqua
516 973 630 1038 scribit
652 973 816 1060 inductus,
842 977 938 1040 utin
961 978 1102 1044 alienam

89 1060 293 1145 provinciam
317 1061 430 1126 mittat
457 1062 585 1126 litteras
609 1065 684 1126 ante
707 1067 850 1148 tempus,
877 1065 934 1130 sed
957 1067 1103 1152 consilio,

49 1171 75 1210 10
90 1170 146 1232 ne,
174 1149 203 1212 si
229 1152 358 1234 tempus
386 1149 522 1214 sationis
550 1151 773 1234 praeterisset,
801 1172 940 1237 granum
967 1177 1006 1219 ex
1030 1177 1103 1239 pro-

90 1237 197 1302 vincia
221 1235 333 1302 Sicilia
358 1239 486 1303 nullum
510 1239 713 1304 haberemus.
760 1238 954 1324 Cognoscite
976 1243 1103 1308 Metelli
1121 1258 1156 1308 41
1277 1215 1278 1266 ³

89 1325 230 1390 litteras.
271 1326 395 1391 Recita.
436 1326 614 1393 Emsrum
636 1327 672 1392 L.
691 1327 863 1393 Murmur.
1277 1351 1278 1408 ῃ

158 1414 230 1479 Η11
262 1414 406 1499 litterae,
440 1416 574 1500 iudioeS,
606 1416 643 1481 L.
671 1415 810 1501 Metelli,
843 1440 923 1502 quas
957 1419 1155 1504 1111111118
1277 1415 1278 1446 ¹

89 1502 166 1587 hoo,
195 1508 353 1586 quantum
381 1507 432 1568 est
459 1525 499 1568 ex
526 1501 637 1569 Sicilia
663 1504 818 1570 frumenti
843 1507 1023 1593 hornotini,
1052 1531 1103 1574 ex·
1277 1507 1278 1514 '

51 1611 76 1650 15
92 1594 281 1674 araverunt3
309 1591 440 1678 glebam
468 1596 665 1657 commosset
690 1593 725 1657 in
751 1616 831 1679 agro
855 1595 1032 1662 decumano
1056 1595 1103 1662 Si-

91 1679 185 1744 ciliae
207 1682 312 1764 nem0,
336 1681 364 1744 si
382 1681 534 1745 Metellus
557 1681 642 1746 hanc
665 1681 839 1765 epistulam
861 1705 928 1748 11011
951 1685 1103 1750 misisset.

92 1767 197 1844 Quid?
234 1767 369 1833 Metello
399 1768 553 1833 divinitus
575 1768 638 1834 hoc
660 1769 750 1833 venit
772 1770 806 1834 in
829 1776 972 1837 mentem
996 1795 1038 1838 an
1060 1776 1102 1838 ab

91 1854 218 1940 Siculis
242 1856 298 1941 qui
315 1857 456 1922 Romam
476 1857 733 1941 frequentissimi
755 1864 980 1944 convenerant,
1003 1883 1102 1947 nego-

91 1945 331 2029 tiatoribusque
350 1945 480 2010 Siciliae
500 1945 612 2011 doctus
636 1946 708 2010 est?
732 1967 869 2030 quorum
892 1949 1007 2032 quanti
1030 1971 1102 2015 con-

51 2054 79 2093 10
91 2037 208 2098 ventus
237 2034 279 2098 ad
300 2034 488 2117 Marcellos,
516 2033 760 2118 antiquissimos
785 2031 914 2100 Siciliae
937 2041 1102 2123 patronos,

92 2121 207 2207 quanti
229 2122 271 2187 ad
294 2120 351 2188 On.
369 2122 561 2208 Pompeium
585 2124 682 2202 [tum]
708 2123 873 2187 consulem
897 2124 1102 2210 designatum

92 2214 281 2294 ceterosque
299 2211 388 2275 illius
407 2210 593 2294 provinciae
610 2211 811 2276 necessarios
828 2211 900 2274 fieri
919 2213 1009 2277 soliti
1028 2213 1102 2299 sint,

93 2299 165 2383 quis
193 2299 346 2385 ignorat?
378 2299 465 2382 quod
493 2299 635 2383 quidem,
666 2299 800 2381 iudices,
827 2300 919 2364 nullo
947 2323 1103 2386 umquam

92 2387 132 2452 de
158 2387 289 2452 homine
316 2387 439 2452 factum
468 2391 531 2470 est,
558 2390 595 2451 ut
624 2385 740 2451 absens
767 2391 973 2453 accusaretur
996 2390 1037 2454 ab
1060 2390 1102 2454 iis

50 2494 77 2536 25
91 2476 211 2561 palam,
233 2497 371 2560 quorum
389 2475 424 2540 in
441 2475 528 2540 bona
546 2475 731 2559 liberosque
750 2497 911 2541 summum
930 2477 1102 2562 imperium

92 2567 353 2648 potestatemque
384 2563 531 2628 haberet.
580 2562 688 2628 Tanta
719 2564 768 2629 vis
801 2568 871 2629 erat
902 2565 1103 2652 iniuriarum,

92 2656 129 2716 ut
160 2652 308 2716 homines
341 2652 468 2736 quidvis
495 2653 623 2737 perpeti
650 2675 748 2736 quam
774 2675 841 2718 non
868 2653 906 2717 de
931 2654 1027 2719 istius
1055 2656 1101 2719 111-
1276 2701 1278 2736 ,

92 2740 257 2826 probitate
276 2741 445 2825 deplorare
464 2743 497 2805 et
516 2741 670 2824 conqueri
688 2741 833 2806 mallent.
866 2740 953 2817 Quas
972 2743 1100 2808 litteras
1119 2757 1153 2808 46
1276 2741 1278 2840 j

93 2851 166 2894 cum
199 2829 241 2893 ad
274 2829 380 2894 omnis
414 2829 565 2894 civitates
598 2850 700 2914 prope
734 2829 924 2914 suppliciter
958 2829 1102 2896 misisset
1276 2847 1278 2866 ¹

50 2939 77 2978 eo
92 2917 258 3000 Metellus,
284 2920 396 2983 tamen
423 2917 594 3002 antiquum
622 2917 753 2983 modum
781 2917 918 2982 sationis
945 2918 1038 2982 nulla
1063 2941 1102 2983 ex

92 3009 185 3091 parte
213 3005 347 3090 adsequi
373 3006 495 3091 potuit,
528 3005 724 3091 diffugerant
751 3005 837 3069 enim
868 3006 1036 3090 permulti,
1067 3007 1102 3071 id

93 3094 178 3178 quod
197 3095 376 3178 ostendam,
398 3117 458 3160 nec
481 3095 587 3159 solum
611 3094 784 3177 arationeS,
807 3093 864 3158 sed
887 3093 986 3157 etiam
1009 3094 1100 3159 sedes
1276 3079 1278 3112 ⁵

93 3204 167 3247 suas
191 3183 315 3267 patrias
338 3183 435 3248 istius'
457 3182 585 3247 iniuriis
609 3181 768 3266 exagitati
790 3181 999 3265 reliquerant.

158 3270 234 3336 Non
261 3271 461 3336 mehercules
490 3270 630 3356 augendi
657 3269 800 3334 criminis
829 3291 939 3353 causa,
971 3269 1101 3356 iudices,

51 3379 78 3422 aa
95 3359 207 3443 dicam,
229 3360 293 3444 sed,
318 3382 414 3444 quem
432 3359 503 3445 ipse
522 3358 631 3443 accepi
650 3357 751 3422 oeulis
771 3357 943 3442 animoque
963 3379 1102 3444 sensum,

92 3448 265 3512 hanovere
279 3449 365 3532 apud
382 3470 439 3513 vos
458 3450 500 3532 et,
517 3451 555 3512 ut
572 3450 696 3531 potero,
714 3445 913 3530 planissume
933 3468 1099 3532 exponam.

92 3534 178 3602 Nam
201 3558 275 3600 cum
298 3535 509 3620 quadriennio
532 3539 608 3618 post
631 3534 666 3598 in
689 3532 834 3600 Siciliam
857 3535 1031 3620 venissem,
1055 3537 1153 3602 11047
1275 3535 1278 3615 q
