2576 3882
363 191 431 246 616.
450 191 477 245 11
508 190 586 246 666.
606 197 711 247 oa-ro
730 197 745 258 6
765 197 912 248 rea-ree.
1077 193 1141 256 261

133 357 230 420 quem
252 357 436 420 numerum,
463 357 559 419 quern
582 335 727 400 ordinem
750 337 895 421 proferre
917 358 1064 422 possum,
1088 337 1144 420 qui

132 429 166 490 te
201 445 267 492 non
299 424 417 507 oderit,
454 425 521 489 sive
554 424 672 489 civium
703 424 924 490 Romanorum
958 426 1025 490 sive
1057 423 1144 491 Sicu·

132 513 261 578 lorum?
302 517 352 596 ut,
394 512 523 578 etiamsi
564 533 692 597 causas,
731 534 788 578 cur
823 517 857 577 te
898 513 1037 597 oderint,
1078 535 1144 580 non

132 601 257 686 possim
291 600 409 684 dicere,
441 605 552 666 tamen
582 601 664 665 illud
694 600 863 666 dicendum
889 607 1015 686 putem,
1048 625 1143 687 quem

106 706 245 755 somnes
268 690 424 754 mortales
448 689 588 772 oderint,
612 710 686 754 eum
708 689 800 754 vobis
825 711 952 774 quoque
976 690 1049 756 odio
1073 712 1143 756 esse

132 783 292 863 oportere.
336 776 390 842 An
417 777 479 842 hoc
503 777 607 841 dicere
631 777 777 861 audebis,
803 781 914 842 utrum
939 778 977 842 de
1000 783 1034 843 te
1057 790 1195 844 ara-167

132 870 234 951 tores,
260 869 372 932 utrum
399 866 535 949 denique
559 864 659 931 Siculi
685 865 829 931 universi
853 867 935 931 bene
959 867 1144 932 existiment

133 959 190 1020 aut
217 975 281 1038 qno
309 953 407 1020 modo
433 953 632 1038 existiment,
660 954 701 1019 ad
722 975 791 1019 rem
814 954 848 1019 id
870 976 937 1020 non
958 955 1143 1038 pertinere?

132 1041 245 1127 Neque
267 1047 305 1108 tu
331 1043 394 1108 hoo
416 1043 521 1108 dicere
544 1042 691 1126 audebis,
712 1064 784 1127 nec,
813 1043 841 1108 si
864 1043 991 1127 cupias,
1019 1041 1143 1126 licebit3

77 1150 118 1190 ero
132 1131 274 1215 eripiunt
302 1131 387 1196 enim
412 1131 474 1195 tibi
496 1131 595 1197 istam
619 1131 799 1196 orationem
823 1130 1144 1212 [contemnendorum

132 1217 314 1285 Siculorum
329 1223 427 1304 atque
441 1222 619 1300 aratorum]
635 1223 763 1285 statuae
776 1220 854 1284 illae
870 1225 1045 1304 equestres,
1063 1243 1143 1305 quas

131 1313 169 1374 tu
192 1308 289 1394 paulo
314 1313 398 1386 ante,
422 1329 519 1392 quam
543 1308 584 1374 ad
605 1309 720 1373 urbem
742 1309 877 1393 venires,
900 1309 978 1393 poni
999 1308 1144 1374 inscribi-

132 1418 194 1481 que
226 1396 365 1481 iussisti,
396 1399 435 1461 ut
466 1397 610 1461 omnium
641 1397 827 1480 iniquorum
858 1402 990 1462 tuorum
1018 1397 1144 1462 animos

132 1488 421 1568 accusatorumque
447 1485 603 1550 tardares.
654 1484 733 1560 Quis
761 1485 848 1550 eninr
875 1485 936 1551 tibi
968 1486 1125 1552 molestus
1146 1496 1196 1549 168

89 1591 117 1633 15
132 1577 219 1639 esset
242 1580 299 1638 aut
322 1575 393 1658 quis
418 1574 583 1658 appellare
607 1573 751 1657 auderet,
774 1595 847 1638 cum
870 1574 995 1639 videret
1017 1578 1143 1639 statuas

133 1662 175 1728 ab
197 1661 472 1748 negotiatoribus,
499 1661 541 1725 ab
565 1661 763 1744 aratoribus,
786 1683 806 1726 a
829 1663 992 1726 communi
1015 1659 1144 1726 Siciliae

131 1751 280 1836 positas?
319 1750 411 1826 Quod
426 1753 477 1814 est
500 1749 588 1814 aliud
605 1749 640 1814 in
658 1749 718 1814 illa
735 1750 902 1833 provincia
921 1771 1023 1835 genus
1042 1749 1144 1813 horni-

131 1840 232 1904 num‘?
264 1837 409 1904 Nullum.
441 1839 532 1924 Ergo
550 1837 592 1902 ab
606 1837 757 1902 universa
769 1837 937 1922 provincia
951 1838 1144 1922 generatim·
1264 1856 1265 1859 ’

132 1949 195 2013 que
218 1949 238 1992 a
261 1927 399 2014 s'mgulis
422 1927 491 1992 eius
512 1925 661 2010 partibus
683 1947 750 1991 non
773 1926 878 1990 solum
903 1925 1064 2010 diligitur,
1088 1926 1144 1991 sed

87 2035 117 2075 so
132 2017 232 2082 edam
261 2021 404 2081 ornatur.
451 2014 530 2090 Quis
557 2015 644 2079 hunc
674 2014 835 2099 attingere
858 2013 999 2078 audeat?
1044 2014 1143 2080 Potes

130 2105 234 2192 igitur
248 2104 353 2170 dicere
368 2104 451 2170 nihil
469 2103 531 2168 tibi
550 2103 664 2168 obesse
683 2107 832 2188 oportere
851 2106 1027 2186 aratorum,
1044 2124 1143 2189 nego-

131 2193 298 2278 tiatorum,
313 2191 559 2275 Siculorumque
573 2191 717 2256 omnium
732 2190 930 2275 testimonia,
943 2213 1016 2256 cum
1032 2213 1144 2256 eorum

130 2281 319 2348 nominibus
341 2282 377 2346 in
399 2284 583 2346 statuarum
605 2278 816 2363 inscriptione
835 2279 995 2364 oppositis
1014 2301 1143 2345 omnem

131 2375 166 2434 te
195 2370 336 2455 speraris
363 2368 520 2435 invidiam
548 2373 646 2453 atque
668 2367 837 2432 infamiam
859 2371 951 2433 tuam
974 2389 1069 2452 posse
1093 2390 1144 2432 ex·

88 2475 117 2516 2⁵
132 2459 305 2544 tinguere?
338 2480 394 2542 an,
426 2479 564 2542 quorum
595 2461 632 2521 tu
665 2456 858 2521 auctoritate
889 2459 1017 2521 statuas
1050 2457 1145 2522 coho·

131 2551 263 2612 nestare
290 2549 365 2611 tuas
392 2549 528 2612 conatus
557 2567 604 2628 es,
637 2566 747 2610 eorum
776 2565 837 2630 ego
866 2545 1026 2631 dignitate
1054 2567 1144 2610 accu-

133 2635 293 2700 sationem
317 2656 423 2700 mcam
446 2634 657 2718 comprobare
679 2655 746 2698 non
768 2634 904 2717 potero?

198 2722 273 2788 Nisi
291 2723 388 2807 forte,
411 2723 497 2808 quod
514 2724 599 2808 apud
621 2722 811 2806 publicanos
836 2721 1001 2808 gratiosus
1022 2720 1195 2802 fuisti,1ea

131 2813 167 2877 in
195 2834 233 2878 ea
261 2833 296 2876 re
324 2833 399 2896 spes
426 2815 461 2876 te
486 2811 596 2895 aliqua
619 2811 815 2876 consolatur.
860 2811 948 2886 Quae
972 2809 1142 2895 gratiane

88 2918 118 2960 ao
133 2900 211 2986 quid
232 2900 294 2964 tibi
317 2900 470 2985 prodesse
492 2903 617 2984 posset,
641 2921 701 2986 ego
725 2921 798 2963 mea
822 2897 991 2983 diligentia
1014 2895 1143 2979 perfeci,

131 2992 170 3054 ut
204 2988 303 3053 etiam
338 2989 452 3053 obesse
484 2988 629 3071 deberet,
662 2990 700 3052 tu
731 2991 788 3051 tua
821 2985 980 3070 sapientia
1012 2984 1142 3049 curasti.

131 3077 264 3143 Etenim
292 3099 361 3142 rem
388 3081 508 3161 totam,
533 3077 669 3161 iudices,
695 3075 840 3141 breviter
864 3071 1057 3160 cognoscite.
1103 3072 1195 3143 11170

132 3167 295 3252 scriptura
318 3163 448 3231 Siciliae
475 3187 535 3250 pro
562 3165 722 3251 magistro
751 3167 800 3228 est
822 3163 955 3247 quidam
977 3160 1012 3226 L.
1032 3160 1142 3246 Carpi·

131 3255 255 3338 natiue,
288 3254 345 3338 qui
372 3257 405 3319 ct
432 3254 483 3319 sui
510 3258 664 3339 quaestus
692 3273 801 3339 causa,
829 3255 862 3316 et
887 3250 1028 3315 fortasse
1057 3250 1142 3335 quod

88 3359 116 3401 ³⁵
132 3344 294 3409 sociorum
313 3343 470 3408 interesse
489 3343 720 3424 arbitrabatur,
743 3341 825 3404 bene
843 3339 971 3426 penitus
989 3340 1024 3403 in
1046 3339 1142 3405 istius

130 3431 390 3496 familiaritatem
419 3453 489 3496 6666
517 3430 613 3496 dedit.
658 3428 692 3493 Is
719 3450 792 3494 cum
815 3431 998 3512 praetorem
1022 3426 1142 3494 circum

133 3520 241 3585 omnia
256 3519 330 3584 fora
347 3523 525 3586 sectaretur
542 3539 646 3602 neque
665 3517 706 3582 ab
726 3538 763 3582 eo
782 3539 937 3602 umquam
957 3517 1142 3584 discederet.
