2622 3884
190 163 258 228 472
494 162 534 217 m
553 163 581 218 c.
596 161 752 239 000000
770 161 851 218 aer.
870 164 904 218 n.

140 323 191 376 118
210 309 322 374 liberis
341 309 409 374 suis
428 307 536 373 cibum
554 307 773 392 vestitumque
791 306 885 372 ferre.
921 307 1039 372 Patres
1056 307 1103 392 hi,
1121 329 1205 393 quos

191 397 323 482 videtis,
353 397 504 462 iacebant
535 395 570 460 in
596 396 722 480 limine,
754 399 939 480 matresque
967 395 1106 462 miserae
1134 419 1205 482 per-

190 485 369 552 noctabant
401 483 443 550 ad
470 484 591 550 ostium
619 484 755 552 carceris
784 484 825 548 ab
854 487 999 548 extremo
1028 489 1205 568 conspectu

191 574 331 639 liberum
359 573 521 658 exclusae,
553 595 635 657 quae
662 573 745 638 nihil
774 571 863 637 aliud
890 573 1042 656 orabant,
1074 573 1139 638 nisi
1167 577 1205 638 ut

191 661 334 727 filiorum
362 683 494 726 suorum
517 665 719 746 postremum
742 660 895 746 spiritum
917 681 973 726 000
996 661 1144 744 excipere
1166 661 1229 726 li·⁵
1293 689 1294 766 q

192 753 288 815 cerat.
319 748 444 816 Aderat
457 749 579 816 ianitor
596 738 743 833 caiceris,
762 748 906 816 carnifex
923 748 1094 834 praetoris,
1114 771 1203 816 mors
1293 767 1294 834 l

191 842 361 923 terrorque
402 838 564 904 sociorum
602 843 636 904 et
674 838 793 904 civium
828 837 1065 922 Romanorum,
1107 838 1205 903 lictor
1293 843 1294 914 l

192 925 335 1011 Sextius,
362 927 414 992 cui
441 949 480 992 ex
510 921 599 991 omni
622 926 746 1013 gemitu
770 925 945 1010 doloreque
968 929 1058 990 00000
1080 947 1203 992 merces

192 1016 440 1101 conparabatur.
491 1013 553 1080 ‘Ur
583 1013 693 1100 adeas,
725 1018 855 1080 tantum
887 1013 993 1098 dabis,
1024 1017 1062 1078 ut
1094 1014 1203 1079 cibum

191 1104 254 1170 tibi
281 1104 527 1187 [vestitumque]
551 1103 638 1169 intro
661 1103 747 1169 ferre
769 1103 880 1186 liceat,
905 1100 1055 1167 tantum?
1097 1101 1202 1168 Nemo
1216 1119 1239 1159 ¹⁰

191 1192 373 1257 recusabat.
410 1190 528 1267 ‘Quies
551 1195 589 1255 ut
601 1213 666 1258 uno
680 1191 748 1256 ictu
762 1191 884 1257 securis
899 1189 1044 1256 adferam
1063 1195 1204 1256 mortem

191 1280 261 1344 filio
293 1284 365 1365 tuo,
397 1279 474 1363 quid
502 1279 617 1344 dabis?
649 1301 689 1344 ne
717 1279 772 1345 diu
800 1279 973 1364 crucietur,
1004 1300 1045 1343 ne
1074 1279 1203 1364 saepius

191 1367 343 1452 feriatur,
369 1389 410 1433 ne
438 1388 511 1432 curn
541 1389 637 1432 sensu
665 1368 787 1432 doloris
815 1368 925 1452 aliquo
953 1367 1088 1452 spiritus
1118 1367 1203 1432 aufe

191 1453 317 1520 ratur?
358 1454 471 1520 Etiam
499 1455 541 1520 ob
569 1455 653 1522 hanc
676 1477 808 1522 causam
829 1455 967 1541 pecunia
990 1454 1126 1536 [lictori]
1152 1455 1203 1520 da·

140 1557 191 1608 110
210 1543 315 1608 batur.
361 1541 388 1608 0
416 1563 572 1628 magnum
600 1547 697 1628 atque
724 1543 965 1609 intolerandum
990 1543 1152 1608 dolorem!
1184 1559 1238 1610 01⁵

192 1651 327 1718 gravem
355 1632 568 1716 acerbamque
594 1631 774 1698 fortunam!
819 1631 896 1697 Non
923 1631 1026 1702 vitam
1053 1631 1203 1718 liberum,

192 1719 249 1785 sed
267 1720 383 1785 mortis
402 1721 603 1785 celeritatem
621 1721 727 1804 pretio
746 1720 904 1786 redimere
922 1720 1123 1806 cogebantur
1146 1742 1203 1805 pa

191 1811 309 1873 rentes.
345 1806 456 1893 Atque
474 1808 539 1893 ipsi
557 1807 656 1873 etiam
677 1809 898 1874 adulescentes
917 1829 990 1874 cum
1010 1805 1121 1872 Sextio
1143 1829 1202 1872 suo

192 1897 231 1961 de
245 1897 346 1982 plaga
364 1899 397 1961 et
417 1897 455 1962 de
473 1917 538 1962 uno
556 1896 616 1961 illo
633 1896 701 1961 ictu
719 1897 944 1980 loquebantur,
962 1895 1059 1980 idque
1077 1898 1202 1981 postre·
1293 1923 1294 1938 ,

192 2005 282 2050 mum
313 1985 459 2070 parentis
493 2005 569 2050 suos
599 1983 696 2050 liberi
722 1986 875 2066 orabant,
907 1986 945 2049 ut
973 1983 1104 2049 levandi
1131 2007 1201 2049 cru-
1214 2001 1238 2040 2⁰

192 2073 297 2138 oiatus
330 2073 381 2137 sui
412 2093 510 2138 causa
541 2072 651 2138 lictori
682 2073 819 2157 pecunia
849 2073 990 2138 daretur.
1038 2071 1139 2136 Multi
1171 2076 1202 2137 et

192 2181 310 2246 graves
324 2160 452 2227 dolores
468 2160 593 2226 inventi
611 2161 801 2244 parentibus
821 2164 854 2226 et
871 2160 1073 2246 propinquis,
1092 2161 1202 2244 multi,

191 2251 442 2314 verumtamen
469 2269 558 2313 mors
584 2248 629 2312 010
652 2252 839 2314 extremum.
884 2247 961 2314 Non
983 2248 1054 2312 0010.
1099 2247 1201 2314 Estne

192 2335 325 2420 aliquid,
342 2335 431 2400 01000
446 2357 509 2420 quo
524 2336 697 2401 crudelitas
716 2336 869 2422 progredi
886 2335 1013 2421 possit?
1050 2336 1201 2420 Reperie

191 2427 259 2507 tur3
286 2445 363 2488 narn
390 2422 536 2508 illorum,
563 2447 636 2490 cum
663 2429 758 2489 erunt
785 2423 890 2489 securi
916 2424 1063 2508 percussi
1085 2445 1123 2489 ac
1146 2447 1200 2489 ne
1213 2439 1235 2480 2⁵

192 2511 270 2595 cati,
297 2531 435 2595 corpora
458 2511 537 2576 feris
561 2513 751 2579 obiciantur.
795 2511 868 2578 Hoc
891 2512 919 2576 si
942 2513 1128 2578 luctuosum
1152 2516 1201 2578 est

191 2599 395 2683 perentibus,
435 2600 597 2665 redimant
635 2601 742 2685 pretio
781 2601 957 2686 sepeliendi
992 2603 1200 2684 potestatem.

140 2699 191 2750 120
205 2686 349 2753 Onasum
363 2685 586 2772 Segestanum,
599 2687 765 2754 hominem
777 2689 931 2772 nobilem,
944 2688 1050 2753 dicere
1063 2689 1200 2753 audistis

192 2797 226 2840 se
250 2776 292 2841 ob
316 2776 518 2861 sepulturam
537 2774 684 2842 Heraclii
705 2776 861 2842 nauarchi
883 2775 1053 2862 pecuniam
1076 2776 1199 2841 Timar·

191 2863 277 2929 ohidi
290 2885 486 2929 numerasse.
518 2861 568 2928 Ne
587 2863 649 2930 hoo
667 2864 774 2949 possis
793 2865 910 2930 dicere:
930 2863 1081 2929 ‘Patres
1101 2865 1199 2929 enim
1212 2880 1235 2921 ³⁰

190 2952 352 3017 veniunt
374 2951 529 3016 amissis
551 2951 654 3017 filiis
676 2951 797 3036 irati',
820 2952 871 3019 010
893 2952 1078 3037 primarius,
1100 2952 1198 3019 homo

122 3043 124 3074 ³
189 3039 423 3123 nobilissimus,
446 3039 533 3124 dicit,
555 3061 659 3124 neque
678 3041 716 3105 de
734 3041 803 3106 filio
824 3039 911 3106 dicit.
947 3038 1018 3105 Iam
1040 3040 1103 3107 hoc
1127 3040 1199 3125 quis

189 3130 260 3192 tum
282 3127 347 3192 fuit
369 3125 537 3212 Syracusis
561 3128 640 3213 quin
663 3129 813 3212 audierit,
840 3128 920 3213 quin
942 3128 1038 3211 sciat,
1064 3127 1125 3194 has
1149 3128 1200 3192 Ti-

109 3225 110 3230 ’
189 3215 348 3280 marohidi
379 3216 546 3299 pactiones
578 3217 764 3300 sepulturae
791 3239 864 3282 cum
891 3216 975 3282 vivis
1004 3217 1105 3282 etiam
1131 3216 1198 3282 illis

190 3324 260 3367 esse
273 3303 401 3368 factas?
437 3303 513 3369 Non
531 3304 642 3389 palam
661 3327 734 3370 cum
748 3298 953 3370 limarchide
972 3304 1198 3389 loquebantur,
1211 3319 1233 3360 ⁸⁵

188 3409 255 3488 non
269 3390 539 3540 omnepuqmniqm
552 3392 726 3543 ppopqnqqi
740 3392 988 3477 adhibebantur,
1005 3414 1072 3458 non
1087 3394 1199 3477 palam

188 3495 337 3539 aurorum
419 3497 474 3541 era
511 3499 635 3542 ocean
650 3501 689 3544 ur
