2504 3876
309 205 417 261 clav
450 205 526 261 eAP.
545 212 651 262 aa-ac
669 213 684 274 1
703 213 817 263 er-ea.
847 172 850 176 ⁸
1000 209 1064 272 451

54 351 194 438 rogandi
222 353 376 416 conatum
403 352 573 435 praeclara
599 351 659 416 illa
682 373 749 417 non
771 351 894 437 populo
916 352 1065 418 Romano

54 441 183 506 reddita
203 438 351 524 biremis,
375 439 431 503 sed
453 439 598 522 praetori
621 440 742 506 donata
764 441 893 524 cybaea.
930 441 981 506 Ea
1001 440 1066 506 fuit

56 549 179 594 merces
202 527 344 612 imperii,
372 527 498 611 auxilii,
521 527 615 612 iuris,
639 529 894 613 consuetudinis,
916 528 1066 595 foederis.

122 615 262 682 Habetis
289 615 385 680 unius
409 615 552 680 civitatis
575 617 706 680 firmum
728 617 884 682 auxilium
908 618 1065 684 amissum
1084 631 1119 682 oo

22 725 94 771 sac
112 705 280 772 venditum
297 705 418 788 preti03
441 704 627 789 cognoscite
645 726 730 769 nunc
747 726 867 771 novam
890 706 1067 790 praedandi

55 794 217 859 rationem
254 793 295 857 ab
331 792 395 857 hoc
431 792 574 876 primum
610 793 839 878 excogitatam.
893 791 1120 880 Sumptum24

55 903 186 947 omnem
199 881 234 944 in
248 880 387 946 classem
400 879 580 964 frumento,
593 881 755 966 stipendio
772 881 951 965 ceterisque
969 884 1066 948 rebus

10 1015 12 1046 ,
55 992 115 1035 111
149 989 294 1055 quaeque
325 968 491 1034 nauarcho
523 968 638 1034 civitas
670 990 799 1054 semper
826 969 903 1035 dare
930 971 1067 1035 solebat.

10 1099 11 1116 ι
54 1058 89 1123 Is
108 1079 221 1142 neque,
243 1061 282 1121 ut
300 1060 506 1122 accusaretur
525 1079 545 1122 a
562 1058 681 1142 nautis,
704 1057 908 1124 committere
926 1059 1067 1124 audebat

10 1166 40 1208 11
55 1151 90 1211 11
122 1147 245 1212 civibus
278 1146 346 1211 1111
377 1145 522 1210 rationes
554 1145 675 1211 referre
707 1145 848 1210 debebat
879 1149 913 1212 ct
943 1146 979 1211 in
1007 1146 1066 1212 illo

10 1281 11 1286 κ
54 1235 146 1300 omni
174 1235 308 1320 negotio
335 1255 402 1299 non
430 1233 526 1299 modo
553 1234 681 1318 labore,
711 1234 767 1299 sed
794 1234 894 1299 etiam
921 1234 1066 1320 periculo

54 1345 115 1389 suo
134 1322 335 1388 versabatur.
373 1321 455 1387 Erat
472 1322 543 1406 hoc,
563 1325 602 1388 ut
620 1322 701 1406 dico,
722 1322 911 1389 factitatum
930 1345 1067 1408 semper,

52 1433 115 1478 nec
134 1413 240 1477 solum
258 1411 294 1475 in
311 1407 431 1494 Sicilia,
455 1410 564 1475 sedin
584 1410 734 1475 omnibus
758 1411 944 1496 provinciis,
967 1413 1067 1476 etiam

9 1545 10 1552 .
53 1501 91 1565 in
118 1500 280 1565 sociorum
303 1503 337 1564 et
358 1498 550 1563 Latinorum
575 1498 736 1583 stipendio
760 1521 798 1565 ae
821 1504 967 1586 sumptu,
995 1503 1067 1566 tum

9 1609 130 1672 1511111
157 1588 291 1652 illorum
319 1586 447 1651 auxiliis
470 1587 520 1650 uti
542 1587 742 1671 solebamus3
764 1586 884 1652 Verres
908 1592 984 1672 post
1005 1589 1067 1653 im-

53 1676 183 1761 perium
210 1674 435 1741 constitutum
447 1675 572 1759 primus
595 1675 782 1760 imperavit,
809 1680 847 1740 ut
870 1698 908 1740 ea
929 1677 1067 1762 pecunia

54 1764 162 1830 omnis
190 1786 210 1828 a
241 1763 429 1828 civitatibus
462 1763 526 1827 sibi
558 1764 836 1849 adnumeraretur,
868 1767 906 1828 ut
936 1765 966 1829 is
993 1786 1066 1830 eam

8 1905 9 1924 2
53 1852 226 1938 pecuniam
244 1855 411 1936 tractaret,
430 1872 525 1936 quem
543 1852 613 1937 ipse
631 1851 850 1937 praefecisset.
878 1850 939 1917 Oui
955 1857 1066 1936 potest
1085 1866 1117 1916 11

55 1962 128 2005 1111
146 1940 290 2024 dubium,
313 1952 411 2024 quam
430 1939 472 2005 ob
491 1961 560 2004 rem
579 1944 612 2004 et
634 1940 778 2005 omnium
801 1941 1066 2006 consuetudinem

8 2049 38 2090 ae
55 2033 198 2094 veterem
226 2029 351 2113 primus
379 2028 564 2093 immutaris
593 2032 626 2092 et
652 2032 780 2093 tantam
807 2029 984 2094 utilitatem
1008 2052 1066 2114 per

55 2117 140 2184 alios
167 2116 357 2182 tractandae
383 2116 537 2201 pecuniae
564 2117 746 2202 neglexeris
774 2120 807 2180 et
831 2121 960 2183 tantam
983 2118 1065 2182 diffi-

54 2208 213 2272 cultatem
232 2228 304 2271 cum
323 2205 467 2289 crimine,
489 2205 674 2270 molestiam
692 2227 765 2270 eum
789 2206 972 2290 suspicione
995 2229 1065 2272 111-

55 2294 201 2379 ceperis?
247 2292 372 2358 Deinde
404 2292 462 2358 alii
493 2296 648 2377 quaestus
672 2293 902 2378 instituuntur,
935 2317 974 2359 ex
1000 2317 1064 2360 uno

56 2404 174 2469 genere
187 2382 299 2447 navali
312 2381 420 2447 videte
434 2403 532 2465 quam
546 2381 656 2446 multi!
680 2382 824 2466 accipere
839 2405 858 2446 1
876 2383 1065 2448 civitatibus

10 2490 39 2532 11
55 2471 235 2555 pecuniam,
252 2491 293 2534 ne
311 2473 428 2535 nautas
448 2468 572 2552 darent,
589 2469 695 2554 pretio
714 2474 803 2536 certo
822 2471 940 2537 missos
958 2471 1066 2538 facere

54 2562 188 2642 nautas,
215 2558 390 2624 missorum
417 2579 512 2623 omne
540 2557 737 2643 stipendium
762 2559 895 2644 lucrari,
921 2560 1066 2645 reliquis,

56 2647 143 2730 quod
166 2646 311 2730 deberet,
332 2667 399 2710 non
422 2646 499 2711 dare
525 2683 569 2692 —
597 2647 810 2712 haecomnia
833 2670 872 2712 ex
895 2648 1065 2713 civitatum

10 2753 11 2756 ¹
54 2734 252 2799 testimoniis
266 2734 462 2820 cognoscite.
486 2734 610 2800 Recita.
633 2733 1118 2851 11111111111111111111.25

54 2821 204 2888 Huncine
222 2821 397 2905 hominem,
418 2823 556 2888 hancine
573 2823 807 2907 inpudentiam,
828 2823 958 2907 iudices,
981 2823 1117 2913 1111162

11 2933 40 2974 ao
57 2911 239 2977 audaciam!
261 2911 449 2976 civitatibus
462 2933 522 2995 pro
540 2933 675 2977 numero
694 2911 837 2976 militum
854 2911 1064 2996 pecuniarum

58 3021 202 3066 summas
221 2999 404 3083 discribere,
423 3003 546 3065 certum
564 2999 714 3083 pretium,
738 3020 886 3064 sescenos
904 3021 1064 3084 nummos,

8 3135 10 3138 -
55 3087 231 3153 naut'arum
267 3084 431 3153 missionis
469 3087 680 3152 constituere!
721 3107 802 3170 quos
835 3087 891 3170 qui
923 3087 1063 3172 dederat,

57 3179 273 3244 commeatum
293 3175 396 3240 totius
420 3175 554 3253 aestatis
578 3174 768 3258 abstulerat,
790 3175 862 3259 iste,
886 3175 972 3260 quod
995 3176 1063 3240 eius

55 3268 174 3331 nautae
201 3263 332 3330 nomine
358 3285 418 3348 pro
446 3262 607 3349 stipendio
633 3263 860 3349 frumentoque
887 3269 1064 3349 acceperat,

11 3374 40 3416 11
57 3353 253 3419 lucrabatur.
285 3352 338 3417 Ita
353 3356 507 3437 quaestus
522 3352 641 3435 duplex
658 3351 753 3417 unius
772 3352 936 3418 missionis
955 3353 1063 3418 fiebat.

57 3442 166 3526 Atque
193 3442 274 3508 haec
300 3441 399 3507 homo
428 3440 669 3506 amentissimus
691 3440 726 3505 in
748 3445 841 3506 tanto
864 3442 1063 3526 praedonum

56 3532 181 3616 impetu
194 3534 352 3615 tantoque
366 3529 510 3615 periculo
524 3529 709 3614 provinciae
724 3529 769 3595 sic
785 3530 896 3616 palam
914 3530 1064 3615 faciebat,

795 3632 851 3688 29*
