2604 3880
339 171 408 229 ΜΒ.
427 175 440 227 1
486 173 564 228 OAP.
584 180 690 229 51-54
709 181 723 241 ς
744 181 890 231 rso-140.
1058 175 1119 239 191

108 315 224 380 domus
252 319 323 381 erat
349 339 417 382 non
448 319 631 384 meretricio
663 323 837 403 conventu,
869 319 926 384 sed
956 319 1122 404 praetoria

106 404 206 469 turha
228 403 358 470 referte.
404 403 507 470 Simul
536 429 573 472 ac
599 411 747 492 potestas
769 407 912 493 primum
939 407 1017 473 data
1044 411 1103 490 est,
1123 419 1173 470 188

108 493 227 558 adeunt
246 492 290 576 hi,
310 515 391 578 quos
410 495 484 559 dixi.
516 495 675 579 Loquitur
690 493 724 560 C.
738 495 888 578 Mustius,
905 518 974 560 rem
993 497 1122 562 demon·

108 584 202 664 strat,
225 581 310 666 petit
333 583 498 668 auxilium,
520 584 691 668 pecuniam
713 585 894 669 pollicetur.
940 584 1122 670 Respondit

81 669 168 734 silla
186 673 223 734 ut
240 671 394 736 meretrix
411 693 479 736 non
495 672 730 756 inhumaniter;
752 673 892 738 libenter
911 672 958 738 ait
972 695 1006 738 se
1019 673 1121 739 factu·

107 779 188 840 rem,
207 762 240 822 et
258 779 293 823 se
312 781 385 824 oum
402 759 468 825 isto
488 760 662 846 diligenter
681 761 984 845 sermocinaturam3
1001 762 1122 826 reverti

106 845 206 911 iubet.
252 845 336 912 Tum
365 847 545 931 discedunt3
572 849 729 933 postridie
752 852 965 915 revertuntur.
1010 848 1121 934 Negat

106 933 167 999 illa
189 956 285 1019 posse
312 934 478 1002 hominem
507 937 647 1022 exorari3
674 959 887 1024 permagnam
915 959 988 1002 eum
1016 938 1121 1002 dreere

5 1089 6 1098 .
108 1044 147 1087 ex
169 1022 229 1087 ille
251 1044 287 1087 re
309 1024 480 1108 pecuniam
503 1025 616 1090 confici
639 1047 744 1111 posse.

67 1128 94 1168 10
174 1109 307 1195 Vereor,
325 1134 366 1178 ne
386 1114 458 1196 quis
476 1113 562 1178 forte
580 1113 619 1178 de
632 1115 764 1199 populo,
784 1114 839 1198 qui
852 1114 960 1200 priore
975 1114 1102 1180 actione
1129 1119 1172 1185 53

5 1213 7 1286 l
106 1220 174 1262 non
196 1199 309 1284 adfuit,
331 1201 420 1284 haec,
446 1202 522 1286 quia
543 1207 679 1287 propter
700 1203 862 1288 insignem
884 1202 1120 1287 turpitudinem

5 1289 7 1374 ξ
107 1291 184 1352 sunt
203 1287 414 1374 incredibilia,
437 1290 519 1376 fingi
537 1313 557 1354 e
575 1313 627 1354 me
646 1291 831 1357 arbitretur.
868 1291 919 1356 Ea
937 1313 995 1356 vos
1015 1294 1119 1374 antea,

5 1375 7 1458 ᾗ
106 1374 240 1460 iudices,
268 1379 477 1462 cognovistis.
526 1377 619 1444 Dixit
645 1379 771 1445 iuratus
798 1379 834 1445 P.
861 1379 982 1464 Titius,
1010 1382 1102 1444 tutor
1121 1392 1173 1442 139

5 1465 7 1506 ³
106 1464 225 1549 pupilli
243 1463 325 1549 Iuni,
350 1465 431 1530 dixit
449 1465 492 1531 M.
510 1467 622 1533 Iunius
645 1471 736 1533 tutor
755 1471 788 1533 et
805 1471 956 1552 patruus3
978 1467 1123 1542 Mustius,

5 1557 7 1630 ξ
68 1569 93 1610 u
108 1552 251 1638 dixisset,
273 1554 302 1618 si
324 1554 461 1637 viveret3
486 1555 542 1620 sed
564 1556 686 1620 recenti
708 1556 805 1620 rede
828 1555 949 1622 Mustio
973 1557 1119 1621 auditum

5 1637 7 1710 l
107 1645 170 1724 est3
198 1641 279 1707 dixit
302 1642 338 1708 L.
361 1643 539 1727 Domitius,
566 1645 717 1728 quicum
741 1644 837 1708 sciret
860 1666 912 1708 me
935 1666 974 1708 ex
996 1644 1118 1708 Mustio

106 1729 181 1794 vivo
215 1730 356 1815 audisse,
389 1732 474 1815 quod
506 1753 544 1798 eo
575 1753 646 1796 sum
674 1754 752 1796 usus
779 1731 956 1816 plurimum
984 1729 1119 1818 (etenim

106 1817 273 1902 iudicium,
310 1820 397 1903 quod
431 1841 532 1905 prope
565 1821 710 1886 omnium
744 1819 950 1885 fortunarum
988 1841 1118 1884 suerum

5 1965 6 1968 ,
107 1903 142 1971 C.
160 1905 301 1972 Mustius
319 1908 445 1990 habuit,
467 1930 601 1976 menno
621 1908 810 1973 defendente
828 1906 929 1994 vicit),
952 1929 1025 1972 oum
1047 1907 1118 1991 hoc,

5 2049 6 2054 ,
65 2012 92 2052 2⁰
106 1998 144 2058 ut
163 1995 242 2079 dico,
266 1996 364 2060 sciret
378 1996 415 2062 L.
427 1995 602 2081 Domitius,
620 2018 671 2062 me
691 1997 772 2062 scire
791 1997 832 2060 ad
851 2018 925 2060 eum
940 2017 992 2060 res
1007 2017 1118 2060 omnes

105 2081 264 2148 Mustium
297 2084 430 2150 solitum
462 2106 532 2150 esse
564 2085 701 2170 deferre,
733 2089 845 2150 tamen
877 2084 915 2150 de
943 2083 1118 2150 Chelidone

105 2171 246 2256 reticuit,
269 2173 376 2257 quoad
398 2173 515 2258 potuit,
539 2175 603 2238 alio
622 2175 867 2259 responsionem
886 2195 979 2238 suam
998 2173 1119 2238 deriva-

106 2259 164 2324 vit.
209 2259 334 2326 Tantus
356 2261 392 2326 in
413 2261 618 2328 adulescente
642 2261 823 2327 clarissimo
846 2283 885 2326 ac
905 2261 1051 2346 principe
1072 2261 1119 2325 iu-

106 2348 249 2414 ventutis
265 2349 369 2433 pudor
383 2348 455 2433 fuit,
473 2353 511 2414 ut
524 2351 668 2434 aliquam
682 2350 746 2434 diu,
764 2372 871 2415 cuma
888 2373 940 2414 me
958 2371 1119 2434 premere-

5 2431 12 2476 7
65 2453 92 2494 25
106 2439 174 2520 tur,
224 2438 334 2502 omnia
373 2439 483 2522 potius
519 2439 730 2523 responderet
770 2460 868 2522 quam
909 2436 1119 2503 Chelidonem

106 2525 305 2609 nominaret,
328 2527 435 2610 primo
454 2527 654 2592 necessarios
677 2526 773 2592 istius
797 2526 837 2591 ad
856 2549 929 2591 eum
948 2526 1118 2612 adlegatos

107 2634 178 2678 esse
210 2613 351 2696 dicebat,
389 2613 502 2680 deinde
534 2614 708 2699 aliquando
745 2617 875 2682 coactus
908 2614 1119 2680 Chelidonem

105 2701 296 2768 nominavit.
336 2701 413 2768 Non
430 2706 464 2767 te
482 2703 591 2788 pudet,
614 2702 742 2788 Verres,
766 2703 834 2768 eius
853 2703 998 2768 mulieris
1018 2703 1100 2768 arbi·
1121 2713 1171 2762 140
1249 2725 1255 2734 ·

106 2792 196 2854 tratu
230 2789 369 2876 gessisse
401 2795 602 2876 praeturam,
635 2814 733 2876 quam
759 2790 795 2856 L.
822 2791 986 2858 Domitius
1014 2791 1056 2855 ab
1084 2811 1118 2855 se

63 2897 91 2937 so
105 2878 268 2943 nominari
290 2879 345 2945 vix
368 2879 431 2944 sihi
453 2879 626 2945 honestum
651 2902 720 2944 esse
745 2879 988 2945 arbitrabatur?

172 2965 297 3042 Reieeti
316 2990 335 3032 a
353 2965 529 3034 Chelidone
549 2969 682 3053 capiunt
700 2967 871 3034 consilium
891 2966 1117 3049 necessarium,
1128 2971 1171 3034 54

104 3058 143 3119 ut
175 3055 355 3140 suscipiant
386 3055 451 3140 ipsi
480 3057 657 3142 negotium.
708 3055 789 3122 Cum
817 3055 968 3120 Habonio
1000 3057 1118 3138 tutore,

105 3144 192 3227 quod
215 3148 286 3209 erat
308 3144 363 3208 vix
380 3142 437 3208 Hs
461 3145 678 3232 quadraginta
696 3144 832 3227 milium,
855 3144 1044 3229 transigunt
1062 3140 1117 3206 HS

105 3231 251 3297 ducentis
274 3231 417 3298 milibus.
459 3231 574 3298 Defert
598 3234 639 3298 ad
660 3233 761 3298 istum
783 3254 853 3296 rem
875 3231 1059 3315 Habonius,
1081 3234 1118 3296 ut

61 3336 90 3378 as
105 3319 169 3385 sibi
192 3320 350 3404 videatur,
373 3321 454 3386 satis
479 3322 635 3408 grandem
658 3319 828 3406 pecuniam
851 3323 883 3386 et
907 3320 988 3384 satis
1012 3319 1117 3404 impu-

105 3407 234 3474 dentem
254 3431 332 3474 esse.
369 3407 446 3492 Iste,
469 3410 525 3494 qui
543 3410 711 3494 aliquanto
730 3409 804 3494 plus
823 3409 1010 3495 cogitasset,
1032 3409 1117 3474 male

6 3535 7 3538 =
103 3496 222 3582 accipit
240 3497 349 3563 verbis
368 3497 564 3581 Habonium,
587 3503 687 3584 negat
706 3519 779 3563 eum
799 3497 862 3563 sibi
880 3498 939 3564 illa
957 3497 1117 3564 decisione
