2524 3876
403 168 480 226 CAP.
494 175 598 224 21-23
618 175 633 236 ἓ
652 177 765 226 ise—75.
1044 173 1088 236 23

90 315 239 397 nostrum,
256 312 350 378 iudex
363 313 434 398 ipse
448 313 668 380 coercebitur?
687 351 730 362 -
750 313 834 390 Quid
852 315 945 380 tum?
965 351 1007 362 —-
1027 315 1088 381 ‘Tu
1106 331 1140 380 ἰι

91 399 222 484 aliquem
248 405 422 486 patronum
449 402 608 488 invenies,
635 402 801 468 hominem
828 402 955 487 antiqui
980 403 1088 490 officii,

91 489 140 572 qui
158 490 359 574 splendorem
375 494 525 556 nostrum
544 494 577 556 et
596 491 737 576 gratiam
760 493 930 578 neglegam
952 514 1012 577 pro
1034 515 1087 557 me
1205 535 1209 542 ·
1244 507 1245 518 ¹

88 578 239 662 pugnabit
264 578 300 642 L.
319 578 504 664 Philippus,
531 580 730 663 eloquentia,
759 581 937 665 gravitate,
964 580 1087 646 honore

65 663 326 732 iflorenrissimus
348 667 500 750 civitatis,
523 667 608 733 dicct
630 667 835 753 Hortensius,
858 669 1018 733 excellens
1041 669 1087 733 in-

90 753 185 838 genio,
197 755 380 840 nobilitate,
397 755 645 841 existimatione,
664 757 802 821 aderunt
816 759 925 821 autem
939 757 1087 822 homines

89 841 274 907 nobilissimi
298 866 335 908 ac
359 845 593 929 potentissimi,
619 848 657 910 ut
680 865 792 910 eorum
814 845 1031 928 frequentiam
1054 849 1088 909 et

87 950 265 997 consessum
292 953 358 998 nou
381 933 477 998 modo
500 932 535 998 P.
554 931 737 1018 Quinctius,
766 933 821 1017 qui
845 932 1012 1017 decapite
1036 933 1088 998 de·

87 1018 189 1104 cernit,
204 1019 261 1084 sed
274 1019 390 1105 quivis,
404 1021 460 1104 qui
474 1024 566 1086 extra
580 1021 759 1106 periculum
773 1021 826 1104 sit,
840 1020 1086 1106 perhorrescat?

53 1104 168 1171 1⁰Haec
200 1111 251 1172 est
283 1108 395 1191 iniqua
425 1108 576 1193 certatio,
609 1131 676 1174 non
707 1110 780 1192 illa,
813 1131 878 1193 qua
909 1112 947 1174 tu
974 1113 1087 1174 contra
1106 1115 1139 1164 ⁷³

86 1192 231 1260 Alfenum
266 1196 449 1280 equitabam
480 1197 556 1262 huic
582 1219 623 1262 nc
650 1198 708 1262 ubi
735 1197 927 1263 consisteret
957 1197 1087 1281 quidem

86 1286 191 1349 contra
207 1287 242 1349 te
266 1285 375 1350 locum
397 1285 567 1369 reliquisti.
608 1283 715 1360 Quare
738 1290 796 1351 aut
818 1286 933 1352 doceas
956 1289 1088 1370 oportet

85 1369 231 1438 Alfenum
253 1393 393 1458 negasse
416 1394 451 1438 se
473 1378 718 1457 procuratorem
740 1395 824 1458 esse,
846 1395 912 1438 non
935 1373 1087 1439 deiecisse

85 1457 216 1544 libellos,
239 1460 395 1526 iudicium
414 1461 558 1546 accipere
576 1461 729 1546 noluisse,
753 1465 818 1546 aut,
841 1484 914 1527 curn
937 1462 1088 1527 haesita

53 1562 74 1602 1⁵
84 1546 165 1613 iacta
190 1549 272 1632 sint,
300 1571 339 1614 ex
365 1549 471 1615 edicto
498 1553 531 1614 te
559 1550 646 1616 bona
673 1549 708 1615 P.
727 1548 857 1625 Quincti
883 1572 950 1615 non
976 1572 1087 1636 posse·

86 1635 162 1700 disse
184 1637 351 1702 concedas.

142 1723 275 1790 Etenim
302 1725 330 1789 si
353 1748 392 1791 ex
415 1725 520 1791 edicto
543 1725 731 1810 possedisti,
759 1747 892 1810 quaero,
921 1749 977 1790 cur
999 1727 1086 1792 bona
1096 1725 1140 1790 23

83 1833 143 1878 non
166 1813 342 1897 venierint,
369 1835 427 1878 cur
448 1813 548 1879 ceteri
571 1834 744 1899 sponsores
768 1818 801 1878 et
823 1814 999 1879 creditores
1021 1836 1087 1879 non
1162 1825 1164 1828 ’

84 1902 302 1986 convenerint3
319 1924 456 1967 nemone
473 1901 546 1986 fuit,
565 1902 617 1966 cui
639 1902 771 1967 deberet
782 1900 981 1980 Quinctius?
1007 1901 1087 1967 Fue·

51 1993 166 2075 rerunt,
190 1995 223 2055 et
247 1991 431 2075 complures
454 1990 598 2074 fuerunt,
625 1994 800 2075 propterea
823 1990 909 2074 quod
931 1988 966 2055 O.
983 1989 1087 2054 frater

84 2077 283 2161 aliquantum
315 2079 398 2144 aeris
432 2079 530 2143 alieni
561 2078 747 2162 reliquerat.
792 2077 877 2154 Quid
907 2099 984 2164 ergo
1013 2079 1086 2144 est?

82 2163 232 2232 Homines
253 2171 347 2232 erant
365 2167 408 2231 ab
430 2166 493 2232 hoc
516 2188 627 2232 omnes
651 2167 851 2249 alienissimi,
874 2171 907 2232 et
930 2167 970 2231 iis
995 2168 1087 2233 debe-

82 2251 187 2340 batur,
216 2277 323 2338 neque
350 2259 462 2320 tamen
488 2255 660 2339 quisquam
686 2255 838 2320 inventus
867 2259 918 2320 est
944 2260 1013 2324 tam
1040 2256 1087 2320 in-

83 2341 196 2428 signite
209 2343 391 2428 improbus,
410 2343 466 2427 qui
477 2344 601 2408 violare
614 2342 650 2407 P.
664 2341 795 2418 Quincti
813 2343 1086 2408 existimationem

48 2444 70 2486 π
82 2430 222 2496 absentis
241 2432 389 2515 auderet,
406 2453 490 2496 unus
508 2431 580 2516 fuit,
602 2431 720 2514 affinis,
738 2431 854 2517 socius,
875 2432 1086 2517 necessarius,
1106 2443 1139 2494 ⁷4

82 2515 148 2584 Sex.
160 2519 316 2604 Naevius,
334 2520 399 2604 qui,
417 2520 573 2605 cumipse
587 2520 675 2584 ultro
695 2519 835 2604 deberet,
857 2520 951 2604 quasi
968 2521 1086 2586 eximio

83 2609 224 2691 praemio
249 2609 380 2673 sceleris
404 2608 552 2694 exposito
575 2607 781 2692 cupidissime
805 2609 1025 2693 contenderet,
1048 2611 1088 2672 nt

82 2696 999 2870 lulttflllldltdittlltltulll
1014 2718 1088 2849 ul

50 2872 230 2955 uprivuree.
276 2871 343 2938 Ubi
376 2876 469 2938 erant
501 2834 600 2939 ostdri
632 2872 828 2938 creditores?
861 2873 997 2956 denique
1024 2871 1087 2938 hoa

84 2962 224 3046 tempore
252 2961 310 3026 ubi
336 2961 434 3026 sunt?
471 2959 550 3036 Quis
577 2964 640 3043 est,
669 2960 724 3044 qui
752 2960 966 3026 fraudationis
990 2980 1087 3024 causa

83 3047 213 3114 latuisse
233 3049 330 3132 dicat,
348 3049 431 3133 quis,
454 3050 509 3133 qui
528 3048 695 3114 absentem
715 3048 882 3113 defensum
899 3051 998 3133 neget
1016 3067 1086 3111 esse

85 3133 287 3210 Quinctium?
306 3135 411 3202 Nemo
425 3136 598 3202 invenitur.
624 3137 670 3202 At
685 3141 799 3202 contra
817 3157 938 3214 omnes,
957 3134 1086 3218 quibus·
1107 3147 1139 3198 τι

87 3243 152 3290 cum
179 3225 263 3290 ratio
290 3225 366 3291 huic
393 3229 451 3291 aut
478 3229 529 3290 est
557 3227 614 3290 aut
639 3224 716 3307 fuit,
745 3224 877 3308 adsunt,
904 3222 1088 3308 defendunt,

53 3310 159 3378 eudes
177 3313 275 3378 huius
294 3314 407 3378 multis
427 3313 506 3378 locis
526 3313 716 3399 cognitane
739 3312 875 3398 perfidia
898 3309 970 3376 Sex.
983 3309 1088 3377 Naevi

87 3397 263 3487 derogetur,
283 3402 445 3468 laborant.
480 3400 520 3466 ln
537 3401 633 3466 huius
652 3401 740 3466 modi
759 3401 966 3485 sponsionem
984 3402 1087 3466 testes

86 3486 159 3556 dare
177 3490 349 3574 oportebat
368 3512 406 3555 ex
425 3512 463 3556 eo
480 3511 624 3572 numero,
643 3489 699 3574 qui
716 3488 797 3553 hacc
815 3488 970 3554 dicerent:
988 3481 1087 3556 Vadi-
