2590 3884
198 172 261 236 110
438 170 477 225 IN
496 171 526 238 Q.
547 169 745 226 CAECILIUM
762 168 964 226 DIVINATIO.

142 337 175 387 aa
193 319 328 402 peecata
345 316 566 382 demonstrare
586 315 721 400 possint.
760 315 809 382 Ao
827 315 910 399 vide,
929 318 1086 400 quantum
1105 313 1207 379 inter-

194 404 339 469 futurum
362 403 407 469 sit
428 404 514 470 inter
537 427 643 470 meam
666 408 700 470 et
721 407 812 469 tuam
839 404 1085 470 accusationem.
1131 402 1208 489 Ego

194 494 307 573 etiam,
337 513 419 577 quae
448 496 484 558 tu
509 493 578 558 sine
600 492 703 559 Verre
725 492 931 576 commisisti,
958 491 1055 557 Verri
1077 491 1209 556 crimini

194 580 328 646 daturus
352 601 433 664 sum,
456 581 543 666 quod
565 585 598 646 te
620 603 687 646 non
709 580 922 666 prohibuerit,
947 603 1021 647 oum
1044 602 1209 644 summam

192 668 263 752 ipse
279 669 415 734 haberet
432 673 642 754 potestatem3
660 673 697 734 tu
712 672 834 754 contra,
852 691 892 734 ne
907 691 989 754 quae
1002 668 1061 733 ille
1075 668 1209 752 quidem
1222 695 1235 734 5

193 756 279 839 fecit,
292 757 421 839 obicies,
430 779 470 823 ne
481 780 544 843 qua
552 780 590 823 ex
600 761 693 842 parte
703 757 892 823 coniunctus
903 779 975 823 cum
985 779 1023 822 eo
1033 757 1209 842 reperiare.

261 843 366 921 Quid?
398 845 472 927 illa,
499 844 632 930 Caecili,
664 846 938 912 contemnendane
968 845 1031 910 tibi
1054 845 1210 910 videntur

194 954 278 1018 esse,
311 933 381 1000 sine
408 934 526 1018 quibus
553 955 651 999 causa
678 934 844 1018 sustineri,
875 933 1070 1019 praesertim
1102 937 1210 1015 tanta,

193 1023 285 1087 nullo
317 1022 413 1088 modo
444 1023 577 1108 potest?
610 1022 721 1106 aliqua
751 1021 892 1088 facultas
924 1021 1056 1108 agendi,
1095 1021 1210 1106 aliqua

194 1109 320 1176 dicendi
347 1110 558 1193 consuetudo,
588 1110 697 1195 aliqua
724 1110 759 1175 in
785 1109 872 1195 foro,
902 1109 1043 1194 iudiciis,
1075 1108 1209 1196 legibus
1224 1137 1248 1175 ιο

141 1219 175 1270 aa
194 1202 251 1264 atet
273 1199 358 1263 ratio
382 1202 439 1264 eut
462 1198 671 1264 exercitatio?
715 1197 887 1284 Intellege,
910 1219 1008 1283 quam
1031 1198 1210 1284 scopuloso

194 1286 382 1370 difficilique
394 1287 430 1351 in
448 1287 520 1353 loco
538 1308 656 1354 verser.
691 1284 778 1352 Nam
796 1308 869 1352 eum
890 1287 996 1352 omnis
1014 1286 1211 1372 arrogantia

194 1376 306 1441 odiosa
334 1378 397 1459 est,
426 1378 499 1439 tum
520 1374 580 1441 illa
602 1375 727 1461 ingenii
749 1377 847 1459 atque
870 1375 1076 1459 eloquentiae
1099 1375 1208 1439 multo

192 1461 434 1527 molestissima.
479 1462 583 1539 Quam
611 1464 653 1528 ob
680 1484 749 1530 rem
776 1463 859 1528 nihil
887 1462 957 1529 dico
986 1462 1024 1527 de
1052 1483 1128 1530 meo
1159 1462 1208 1527 in-

193 1551 302 1636 geni03
324 1572 428 1637 neque
451 1554 510 1637 est,
533 1551 620 1636 quod
640 1551 764 1636 possim
787 1551 901 1636 dicere,
922 1573 1036 1636 neque,
1059 1551 1090 1616 si
1110 1555 1208 1634 esset,
1223 1575 1247 1615 1⁵

192 1639 340 1706 dicerem.
380 1639 449 1704 Aut
472 1639 557 1705 enim
575 1640 609 1705 id
627 1640 708 1704 mihi
729 1640 809 1705 satis
833 1644 891 1724 est,
915 1639 1001 1725 quod
1020 1642 1071 1704 est
1095 1639 1136 1705 de
1154 1660 1209 1704 me

193 1728 364 1814 opinionis,
382 1728 535 1813 quicquid
549 1732 608 1813 est,
626 1732 692 1812 aut,
711 1729 739 1792 si
754 1729 788 1792 id
803 1750 919 1813 parum
939 1731 998 1812 est,
1018 1748 1080 1814 ego
1099 1727 1209 1793 maius

192 1817 226 1882 id
243 1816 526 1883 commemorando
544 1815 651 1882 facere
668 1838 734 1881 non
756 1837 911 1901 possum„
935 1815 1050 1899 Dete,
1074 1814 1209 1899 Caecili,
1281 1891 1282 1902 ,

193 1904 272 1990 (iam
291 1905 473 1972 mehercule
491 1903 554 1970 hoe
569 1908 660 1970 extra
672 1904 758 1970 hanc
771 1904 1011 1970 contentionem
1026 1907 1208 1970 certamen·
1281 1904 1282 1919 ¹

193 2017 254 2080 que
276 1997 426 2060 nostrum
447 1993 656 2058 familiariter
677 1995 786 2058 tecum
808 1991 939 2078 loquar)
961 1992 1089 2077 tuipse
1107 2014 1208 2078 quem
1221 2018 1245 2056 m

192 2083 232 2148 ad
260 2083 391 2148 modum
419 2081 598 2166 existimes,
625 2081 698 2146 vide
726 2081 824 2145 etiam
853 2084 951 2166 atque
978 2080 1078 2147 etiam
1107 2084 1143 2146 et
1168 2084 1207 2146 tu
1280 2127 1281 2136 η

192 2174 225 2234 te
248 2171 367 2256 collige
390 2173 432 2254 et,
455 2169 510 2254 qui
534 2169 579 2234 sis
602 2172 636 2234 et
659 2168 735 2254 quid
758 2168 864 2234 facere
886 2169 1002 2253 possis,
1025 2169 1208 2236 considera.

190 2257 335 2323 Putasne
360 2261 394 2323 te
421 2279 518 2342 posse
545 2257 583 2322 de
611 2256 761 2322 maximis
788 2257 1069 2342 acerbissimisque
1097 2258 1209 2344 rebus,
1279 2293 1280 2363 q

191 2367 264 2412 cum
287 2367 418 2411 causam
441 2345 602 2411 sociorum
623 2345 836 2429 fortemasque
857 2345 1052 2431 provinciae,
1074 2345 1128 2411 ius
1147 2369 1209 2433 po-

190 2434 261 2519 puli
282 2433 436 2518 Romani,
464 2435 661 2519 gravitatem
683 2433 793 2498 iudicii
815 2435 989 2519 legumque
1013 2434 1208 2519 susceperis,
1221 2457 1245 2498 a
1267 2441 1272 2446 '

191 2526 243 2587 tot
270 2543 322 2586 res
349 2525 418 2586 tam
442 2543 572 2607 graves,
600 2527 669 2589 tam
691 2522 800 2588 varias
823 2543 915 2607 voce,
938 2522 1106 2606 memoria,
1129 2545 1209 2589 con-

139 2610 280 2695 cosilio,
308 2608 439 2695 ingenio
467 2611 650 2677 sustinere?
680 2614 818 2696 putasne
850 2614 884 2676 te
915 2631 1024 2695 posse,
1056 2633 1142 2695 quae
1170 2610 1208 2676 Ο.

190 2697 310 2764 Verres
332 2698 369 2762 in
389 2701 572 2784 quaestura,
595 2720 677 2784 quae
699 2698 735 2763 in
756 2699 930 2785 legatione,
953 2721 1035 2784 quae
1057 2699 1094 2763 in
1111 2721 1208 2782 prae·

191 2791 277 2872 tura,
310 2807 393 2870 quae
420 2785 556 2872 Romae,
586 2809 669 2872 quae
694 2787 731 2852 in
756 2785 868 2871 Italia,
896 2809 977 2872 quae
1004 2787 1040 2852 in
1066 2786 1208 2872 Achaia,

190 2874 272 2942 Asia
302 2873 560 2961 Pamphyliaque
592 2875 748 2960 peccarit,
785 2897 836 2960 ea,
868 2897 964 2959 quem
996 2876 1037 2940 ad
1069 2877 1206 2942 modum
1220 2901 1244 2940 eo

191 2964 272 3030 locis
307 2963 573 3048 temporibusque
609 2962 714 3030 divisa
750 2962 828 3048 sint,
865 2964 912 3029 sic
947 2963 1139 3029 criminibus
1171 2969 1207 3029 et
1276 2959 1277 3029 l

191 3052 338 3117 oratione
367 3051 588 3139 distinguere?
619 3055 758 3136 putasne
785 3053 820 3116 te
846 3072 955 3136 posse,
984 3052 1018 3116 id
1050 3053 1139 3138 quod
1169 3053 1206 3118 in

190 3139 287 3204 huius
310 3139 398 3204 modi
420 3161 476 3206 reo
506 3139 646 3206 maxime
672 3139 891 3206 necessarium
919 3143 982 3223 est,
1008 3140 1130 3225 facere,
1157 3145 1206 3226 ut,

191 3248 274 3310 quae
287 3227 345 3291 ille
358 3226 541 3312 libidinose,
556 3249 638 3313 quae
651 3228 783 3312 nefarie,
797 3251 879 3313 quae
892 3228 1065 3295 crudeliter
1078 3228 1205 3312 fecerit,

191 3335 230 3378 ea
257 3335 358 3398 aeque
386 3316 503 3381 acerba
530 3320 563 3381 et
589 3315 724 3402 indigne
750 3316 921 3382 videantur
948 3337 1019 3382 esse
1046 3316 1114 3400 his,
1146 3319 1206 3402 qui
1219 3342 1242 3383 a

138 3417 172 3467 se
191 3401 330 3484 audient,
354 3404 452 3486 atque
475 3403 541 3468 illis
564 3403 635 3468 visa
658 3408 743 3488 sunt,
766 3404 822 3490 qui
844 3404 1036 3471 senserunt?
1079 3403 1206 3492 Magna

191 3491 267 3550 sunt
290 3508 337 3568 ea,
360 3510 442 3571 quae
466 3490 546 3573 dico,
570 3491 650 3555 mihi
669 3493 775 3579 crede;
797 3493 867 3558 noli
883 3493 965 3560 haec
983 3496 1205 3559 contemnere:

140 1786 183 1914 a?
