2564 3876
176 195 221 262 22
445 194 516 250 PRO
535 194 558 248 P
586 193 759 260 QUINCTIO
778 191 923 249 ORATIO.

123 352 159 404 oe
246 339 343 405 ‘Erat
373 337 484 424 enim’,
515 338 635 422 inquit,
668 337 813 403 ‘illarum
840 335 1004 423 partium?
1047 336 1186 413 Quidni?

178 428 233 512 qui
253 428 339 512 apud
356 431 390 492 te
409 433 495 492 esset
514 428 661 510 eductus;
685 447 779 510 quem
800 430 838 492 tu
861 449 880 492 a
902 447 1003 512 puero
1026 427 1076 492 sic
1098 427 1188 492 insti·

178 516 310 599 luisses,
342 519 380 581 ut
406 516 510 582 nobili
536 537 577 580 ne
605 515 781 602 gladiatori
809 515 938 599 quidem
964 515 1101 581 faveret.
1146 513 1188 598 Si,

178 605 265 690 quod
282 608 320 670 tu
343 625 470 690 semper
489 626 613 670 summe
635 603 761 688 cupisti,
783 603 870 668 idem
892 603 1025 670 volebat
1039 603 1189 687 Alienus,

178 715 216 758 ea
243 716 278 758 re
304 693 367 758 tibi
394 716 467 758 cum
495 715 533 758 eo
560 713 621 778 par
644 693 808 758 contentio
831 714 898 757 non
920 693 1012 757 erat?
1055 690 1215 776 ‘Bruti',s

177 782 297 866 inquit,
326 781 413 848 ‘erat
438 781 624 864 familiaris,
657 781 767 864 itaque
794 780 823 846 is
850 779 1094 846 intercedebat?
1140 780 1190 844 Tu

178 874 291 935 contra
322 870 486 955 Burrieni,
522 869 579 954 qui
614 869 767 934 iniuriam
799 869 1005 952 decernebat,
1041 869 1191 934 omnium

178 959 315 1043 denique
328 959 471 1042 illorum,
490 958 629 1042 quitum
646 962 680 1022 et
697 961 851 1042 poterant
868 979 926 1042 per
943 958 1011 1022 vim
1031 960 1066 1022 et
1085 959 1190 1023 scelus

177 1049 354 1132 plurimum
376 1051 417 1131 et,
441 1047 527 1132 quod
549 1049 711 1132 poterant,
734 1045 768 1110 id
791 1046 962 1111 audebant.
998 1045 1051 1110 An
1076 1067 1190 1112 omnes

177 1142 215 1201 tu
233 1137 315 1201 istoc
333 1136 460 1201 vincere
479 1135 622 1218 volebas,
645 1133 701 1218 qui
718 1155 812 1218 nunc,
835 1137 872 1199 tu
891 1138 927 1198 ut
948 1133 1071 1218 vincas,
1093 1138 1190 1200 tanto
1204 1151 1229 1190 1⁰

179 1245 275 1309 opere
294 1224 467 1289 laborant?
499 1223 592 1288 Aude
610 1223 644 1288 id
662 1223 766 1288 dicere
786 1243 852 1287 non
874 1223 995 1307 palam,
1018 1222 1076 1288 sed
1098 1223 1191 1308 ipsis,

126 1323 160 1373 ιο
179 1333 260 1394 quos
275 1311 450 1377 advocasti.
477 1311 622 1376 Tametsi
635 1312 712 1376 nolo
727 1332 799 1375 eam
815 1332 884 1375 rem
904 1312 1191 1376 commemorando

178 1421 348 1483 renovare,
379 1399 469 1466 cuius
503 1400 634 1464 omnino
662 1399 709 1465 rei
737 1399 927 1464 memoriam
955 1421 1085 1464 omnem
1113 1400 1193 1465 tolli

125 1475 168 1542 22
178 1486 323 1552 funditus
363 1509 400 1553 ac
440 1487 541 1552 deleri
579 1488 721 1553 arbitror
762 1492 927 1572 oportere;
967 1509 1067 1553 unum
1106 1488 1192 1552 illud

178 1575 265 1640 dieo:
289 1573 323 1640 Si
342 1579 476 1660 propter
494 1575 638 1660 partium
657 1575 800 1642 studium
818 1580 934 1661 potens
954 1579 1025 1640 erat
1039 1575 1191 1660 Alfenus,
1207 1590 1230 1632 ιι

177 1664 424 1749 potentissimus
456 1663 613 1748 Naevius,
649 1665 678 1729 si
713 1665 817 1730 fretus
855 1664 963 1750 gratia
995 1664 1192 1749 postulabat

178 1753 301 1837 aliquid
318 1753 461 1838 iniquius
479 1751 626 1837 Alienae,
649 1753 753 1818 multo
776 1752 938 1836 iniquiora
960 1749 1103 1817 Naevius
1128 1753 1192 1817 im·
1273 1795 1274 1808 ι

176 1842 337 1927 petrabat.
383 1841 496 1925 Neque
529 1842 614 1906 enim
644 1841 730 1906 inter
757 1841 900 1906 studium
928 1845 1074 1906 vestrum
1102 1842 1192 1925 quic-

177 1953 290 2015 quam,
317 1933 355 1995 ut
380 1931 509 2015 opinor,
536 1929 698 2013 interfuit3
724 1929 869 2015 ingenio,
895 1933 1082 2008 venustate,
1108 1931 1191 1994 arti-

176 2018 249 2083 ficio
269 2023 305 2083 tu
323 2019 419 2084 facile
437 2018 554 2085 vicisti.
590 2017 636 2082 Ut
659 2019 725 2084 alia
747 2018 908 2102 omittam,
930 2018 993 2084 hoc
1016 2018 1099 2083 satis
1123 2022 1190 2083 est:
1205 2035 1230 2076 rc
1272 2017 1273 2020 ’

175 2106 313 2170 Alfenus
333 2129 406 2172 cum
428 2106 469 2172 iis
494 2111 526 2171 ct
548 2110 683 2191 propter
705 2127 761 2170 eos
784 2107 889 2191 periit,
913 2127 994 2190 quos
1018 2106 1191 2192 diligebat,
1272 2153 1273 2179 ι

177 2197 224 2278 tu,
245 2200 428 2279 postquam,
453 2195 508 2278 qui
531 2194 593 2259 tibi
612 2198 705 2260 erant
728 2194 832 2277 amici,
854 2216 920 2259 non
942 2198 1096 2279 poterant
1119 2196 1190 2260 vin-

177 2303 261 2365 cere,
285 2287 322 2347 ut
344 2283 441 2348 amici
462 2283 525 2348 tibi
548 2287 670 2365 essent,
694 2283 749 2366 qui
771 2283 958 2366 vincebant,
981 2283 1127 2348 effecisti.

107 2373 155 2429 ,71
244 2368 366 2445 Quodsi
397 2375 468 2435 tum
495 2393 555 2456 par
582 2370 644 2435 tibi
671 2370 721 2434 ius
750 2392 822 2435 cum
845 2370 964 2435 Alfeno
992 2370 1094 2436 fuisse
1121 2393 1190 2438 non
1271 2399 1272 2441 l

176 2461 282 2543 putas,
301 2459 378 2543 quia
395 2463 507 2524 tamen
525 2458 666 2544 aliquem
685 2461 851 2524 contrata
870 2458 1027 2524 advocare
1045 2464 1190 2545 poterat,
1204 2477 1230 2518 2⁵

177 2546 253 2630 quia
267 2547 481 2633 magistratus
496 2547 597 2631 aliqui
610 2547 842 2632 reperiebatur,
861 2548 946 2632 apud
965 2569 1061 2632 quem
1076 2548 1190 2614 Alfeni
1270 2605 1271 2636 ,

176 2657 274 2700 causa
292 2636 492 2720 consisteret,
516 2635 678 2720 quidhoc
700 2639 847 2720 tempore
866 2634 1016 2712 Quinctio
1040 2640 1189 2703 statuen-
1270 2637 1271 2703 i

177 2723 253 2790 dum
267 2724 339 2789 est?
362 2725 414 2789 cui
426 2746 531 2808 neque
545 2724 759 2809 magistratus
775 2724 879 2790 adhuc
893 2745 1014 2808 aequus
1033 2725 1189 2791 inventus

176 2816 227 2877 est
253 2834 357 2896 neque
384 2812 538 2878 iudicium
564 2813 726 2878 redditum
752 2815 803 2878 est
825 2812 997 2896 usitatum,
1023 2835 1091 2880 non
1114 2832 1189 2880 con·

175 2901 272 2985 dicio,
298 2922 365 2965 non
392 2901 537 2986 sponsio,
563 2921 631 2966 non
658 2901 796 2985 denique
818 2901 888 2966 ulla
910 2923 1065 2984 umquam
1088 2900 1188 2968 inter-
1203 2920 1229 2960 ³0
1269 2939 1270 2944 κ

175 2990 274 3054 cessit
291 2990 482 3074 postulatio,
501 2989 597 3054 mitto
617 3010 729 3073 aeque,
750 3011 862 3054 rerum
881 2993 957 3054 ante
975 2988 1037 3055 boe
1055 2993 1188 3076 tempus

174 3078 332 3143 nefando
353 3078 483 3161 quidem
502 3077 621 3142 audita.
657 3075 707 3144 De
727 3098 763 3142 re
785 3077 972 3162 pecuniaria
994 3078 1090 3162 cupio
1114 3101 1189 3144 con-

174 3165 315 3231 tendere.
338 3203 382 3212 —
405 3165 492 3232 ‘Non
510 3165 606 3231 licet'
633 3201 671 3212 -
697 3165 744 3230 At
762 3187 800 3230 ea
818 3165 1041 3230 controversia
1059 3171 1119 3232 est.
1144 3203 1186 3215 —
1268 3203 1269 3206 ¹

175 3251 284 3318 ‘Nihil
312 3254 353 3318 ad
380 3276 431 3319 me
459 3254 591 3337 attinet3
619 3275 750 3319 causam
778 3253 894 3338 capitis
920 3253 1009 3319 dicas
1033 3255 1187 3339 oportet?

175 3375 214 3388 -
239 3341 374 3425 Accusa,
397 3343 453 3407 ubi
471 3343 520 3407 ita
537 3363 668 3407 necesse
689 3345 747 3406 est
771 3377 814 3390 -
839 3340 948 3426 ‘Non',
969 3342 1086 3426 inquit,
1111 3343 1187 3408 ‘nisi
1201 3359 1227 3402 ss

173 3429 211 3490 tu
230 3431 407 3494 antenore
427 3430 523 3496 modo
546 3429 654 3515 priore
678 3430 750 3495 loco
774 3429 913 3495 dixeris?
937 3467 981 3477 -
1002 3429 1188 3497 Dicendum

172 3514 354 3579 necessario
378 3520 436 3581 est.
461 3552 501 3565 -·
526 3516 798 3582 ‘Praestituentur
821 3517 922 3583 horae
945 3518 987 3583 ad
1010 3519 1186 3586 arbitrium
