2504 3876
186 170 253 236 452
501 167 542 224 IN
563 169 593 226 0.
606 169 761 224 VERREM
777 168 859 225 AcT.
877 170 912 226 Il.

186 318 225 382 ut
251 319 285 382 et
311 313 376 399 ipsi
402 314 580 399 praedones
609 315 730 380 scirent
756 318 790 380 et
815 317 888 380 tota
910 315 1100 400 provincia
1123 317 1202 381 testis

187 408 281 470 esset.

131 505 169 558 σε
254 491 335 558 Oum
352 493 489 576 propter
505 491 601 556 istius
623 490 709 556 hanc
730 491 905 556 avaritiam
926 493 1076 558 nomine
1103 494 1203 560 elassis

187 583 274 648 esset
299 580 334 646 in
356 577 481 662 Sicilia,
507 601 543 644 re
570 579 701 664 quidem
727 601 805 644 vera
829 601 930 644 naves
960 580 1108 666 inanes,
1136 604 1203 666 quae

186 668 341 755 praedam
367 666 525 752 praetori,
552 689 619 734 non
646 689 727 752 quse
753 667 976 752 praedonibus
1002 674 1143 736 metum
1165 670 1216 734 adt

186 757 323 842 ferrent,
349 760 474 839 tamen,
499 779 572 821 cum
589 756 626 820 P.
639 753 808 822 Caesetius
831 760 865 820 et
886 755 923 820 P.
942 755 1079 824 Tadius
1107 759 1203 824 decen
1229 838 1230 843 ἵ

186 846 324 912 navibus
352 844 420 911 suis
448 844 635 928 semiplenis
658 844 865 930 navigarent,
891 865 1017 910 navem
1046 848 1230 932 quandam}

187 935 368 1020 piratarum
386 932 508 1018 praeda
525 932 681 998 refertam
702 955 769 998 non
791 935 956 1017 cepenmt,
981 934 1048 998 sed
1074 937 1203 1000 abduxe
1229 934 1230 939 ’

186 1027 263 1088 runt
281 1044 377 1088 onere
402 1042 460 1086 suo
483 1020 581 1105 plane
604 1023 734 1105 captam
757 1025 855 1104 atque
878 1020 1091 1106 depressam.
1135 1025 1204 1089 Erat

184 1112 336 1178 canavis
354 1110 452 1194 plena
469 1109 647 1174 iuventutis
665 1108 931 1192 formosissimae,
948 1111 1061 1194 plena
1082 1112 1220 1199 argenti*-

185 1200 266 1266 facti
288 1203 386 1283 atque
409 1197 545 1282 signati,
571 1197 676 1263 multa
698 1219 771 1262 cum
794 1197 943 1283 straffrla
966 1203 1080 1265 veste.
1127 1201 1204 1266 Haec

185 1310 251 1354 una
270 1287 363 1352 navis
387 1307 407 1350 a
429 1287 533 1351 classe
555 1289 670 1351 nostra
691 1306 758 1351 non
780 1289 877 1370 capta
899 1289 960 1369 est,
984 1287 1051 1352 sed
1076 1288 1204 1354 inventa

185 1377 227 1442 ad
249 1373 464 1460 Megaridem,
491 1374 549 1458 qui
575 1374 666 1439 locus
691 1377 830 1440 estnon
852 1375 950 1459 longe
975 1397 996 1439 a
1022 1373 1203 1460 Syracusis.

186 1463 278 1540 Quod
309 1462 367 1528 ubi
398 1462 455 1526 isti
485 1462 673 1527 nuntiatum
703 1465 766 1544 est,
798 1462 931 1527 tametsi
957 1461 995 1526 in
1026 1469 1113 1530 acta
1143 1489 1203 1532 cun

184 1551 384 1618 mulierculis
406 1550 535 1616 iacebat
557 1551 680 1634 ebrius,
707 1550 810 1615 erexit
832 1571 867 1614 se
890 1553 1003 1615 tamen
1029 1557 1070 1616 et
1097 1556 1220 1620 statur

185 1640 352 1726 quaestori
374 1640 549 1725 legatoque
572 1661 630 1703 suo
654 1639 805 1703 custodes
829 1638 919 1702 misit
942 1641 1153 1726 compluris,
1176 1646 1203 1706 ut

133 1742 167 1792 64
186 1729 296 1796 omnia
323 1727 387 1793 sibi
410 1728 540 1813 integra
562 1749 660 1810 quam
683 1727 825 1812 primum
848 1727 1101 1796 exhiberentur.
1146 1731 1203 1816 Ap-

60 1826 62 1829 ’
185 1818 320 1904 pellitur
357 1815 452 1882 navis
489 1812 680 1899 Syracusas,
722 1818 927 1899 exspectatur
963 1816 1007 1880 ab
1051 1820 1202 1884 omnibus

185 1905 389 1994 supplicium.
425 1901 493 1968 Iste
513 1904 606 1987 quasi
623 1903 744 1988 praeda
763 1903 827 1968 sibi
849 1903 994 1988 advecta,
1017 1927 1096 1972 non
1121 1930 1203 1993 prae

186 1995 323 2061 donibus
350 1992 470 2077 captis,
497 1991 526 2056 si
554 1991 609 2076 qui
637 2013 730 2056 senes
758 2014 795 2057 ac
818 1991 978 2056 deformes
1004 2000 1127 2080 erant,
1156 2011 1220 2061 eost

185 2086 221 2149 in
238 2081 385 2149 hostium
406 2101 541 2145 numero
566 2079 667 2163 ducit3
691 2079 747 2164 qui
770 2080 892 2164 aliquid
913 2079 1061 2167 formae,
1088 2086 1202 2149 aetatis

186 2172 379 2255 artificiiquo
392 2168 568 2251 habebant,
587 2167 719 2234 abducit
733 2168 848 2253 omnis,
866 2191 932 2234 non
944 2169 1063 2235 nullos
1080 2175 1201 2255 scribis,

185 2261 252 2325 filio
274 2258 465 2342 cohortique
488 2256 669 2340 distribuit,
692 2256 942 2341 symphoniacos
964 2257 1130 2326 homines
1155 2283 1201 2326 scr

187 2347 337 2432 quoidam
365 2347 469 2412 amico
497 2367 556 2411 suo
579 2345 720 2410 Romam
745 2345 871 2410 muneri
892 2345 991 2409 misit.
1039 2345 1127 2414 Nox
1150 2351 1200 2414 ills

185 2439 257 2500 tota
283 2434 318 2498 in
341 2434 562 2536 ‚exinaniunda
588 2455 671 2499 nave
699 2433 908 2534 consumitur.
948 2431 1219 2534 Archipiratans

184 2545 292 2676 etl
310 2522 907 2693 {tltttlcbtttt’ittttffltt
926 2529 1198 2678 &lucessit

132 2757 175 2822 26
186 2698 319 2802 adsequi
338 2695 487 2798 debetis),
509 2698 610 2762 istum
628 2698 713 2798 clam
732 2719 752 2762 a
773 2697 890 2781 piratis
910 2697 955 2798 ob
978 2696 1072 2764 hunc
1098 2702 1197 2767 archi-

132 2835 167 2884 ⁶⁵
185 2790 730 2959 ttttltcttttttffittt;
749 2874 805 2959 qs
819 2783 1216 2958 ,lttsslttttno

186 2965 343 3028 movetur.
391 2961 566 3028 Hominem
600 2961 717 3046 nostis,
752 2963 1017 3028 consuetudinem
1050 2967 1194 3030 omniun

185 3050 318 3133 tenetis,
350 3051 406 3134 qui
437 3052 550 3117 ducem
580 3049 778 3134 praedonum
807 3054 864 3115 aut
891 3050 1037 3115 hostium
1067 3055 1194 3138 ceperit,

186 3161 284 3224 quam
311 3139 451 3204 libenter
479 3162 552 3204 eum
579 3138 689 3222 palam
718 3142 793 3203 ante
821 3140 931 3205 oculos
954 3139 1107 3206 omnium
1130 3164 1193 3207 esse

186 3228 340 3311 patiatur.
381 3227 555 3291 Hominem
578 3227 729 3290 intanto
753 3232 914 3291 conventu
936 3224 1111 3310 Syracusis
1134 3231 1193 3296 vidi

186 3315 361 3397 neminem,
388 3314 521 3395 iudices,
549 3312 604 3395 qui
632 3313 864 3397 archipiratam
891 3319 1024 3399 captum
1052 3338 1128 3384 sese
1154 3320 1217 3385 vie

187 3399 271 3465 disse
295 3401 427 3483 diceret,
455 3421 528 3464 cum
551 3421 676 3482 omneS,
702 3404 740 3464 ut
761 3423 833 3465 mos
857 3405 919 3484 est,
946 3406 984 3466 ut
1007 3403 1098 3470 solet
1121 3409 1194 3490 fieri

187 3490 426 3569 concurrerent,
459 3491 662 3570 quaererent,
690 3487 799 3552 videro
825 3493 987 3572 cuperent.
1035 3489 1125 3566 Quid
1152 3519 1195 3562 ac-
