2564 3876
150 182 193 246 60
323 179 395 235 PRO
415 181 492 238 SEX.
510 179 640 238 Roscio
657 179 824 236 AMERINO
844 179 984 236 ORATIO.

150 329 312 390 sectorum
344 325 577 390 audacissimus
610 327 666 408 sit,
698 348 741 390 an
770 325 812 408 is,
845 326 902 410 qui
930 329 1064 411 propter
1092 325 1166 390 fori

149 414 403 497 iudiciorumque
421 414 630 479 insolentiam
647 435 714 478 non
736 413 832 480 modo
856 414 1022 497 subsellia,
1045 436 1165 479 verum

149 503 250 566 etiam
271 502 386 567 urbem
408 502 515 587 ipsam
537 502 738 586 reformidet,
764 506 945 587 postremo,
967 502 1102 586 iudices,
1127 503 1164 566 id

150 590 236 674 quod
263 591 304 654 ad
329 587 401 655 rem
421 613 494 656 mea
517 591 679 656 sententia
701 591 841 656 maxime
863 591 1019 675 perimet,
1047 595 1161 655 utrum

96 737 139 801 32
149 679 298 743 inimicus
321 678 431 764 potius
455 702 497 743 an
514 680 610 744 filius.
1177 696 1193 735 5

96 817 130 865 89
215 765 306 833 Haec
333 773 383 849 tu,
410 766 522 849 Eruci,
549 771 602 832 tot
628 771 662 832 et
684 771 778 832 tanta
800 767 829 832 si
850 771 988 832 nanctus
1013 787 1100 832 esses
1124 767 1161 832 in

148 877 214 940 reo,
238 855 409 940 quamdiu
432 855 566 920 diceres!
591 877 654 939 quo
676 859 711 920 te
733 854 829 920 modo
852 855 1005 921 iactares!
1028 860 1160 956 tempus

148 943 279 1009 hercule
310 949 344 1009 te
373 943 468 1009 citius
496 965 594 1028 quam
622 944 727 1008 oratio
756 943 913 1008 deficeret.
962 943 1135 1009 Etenim
1124 965 1161 1007 ιιι

150 1033 289 1119 singulis
307 1033 450 1097 rebus
423 1053 492 1096 ems
510 1031 599 1097 modi
618 1032 769 1097 materies
788 1034 848 1114 est,
865 1035 903 1096 ut
921 1031 989 1096 dies
1009 1032 1160 1118 singulos

149 1121 256 1204 possis
275 1142 471 1186 consumere.
507 1118 621 1204 Neque
640 1141 701 1206 ego
723 1141 790 1184 non
812 1139 959 1205 possum,
981 1141 1049 1186 non
1071 1120 1160 1184 enim
1177 1138 1209 1178 ιο

149 1214 278 1275 tantum
301 1209 382 1274 mihi
405 1209 539 1294 derogo,
566 1209 698 1273 temet
672 1229 701 1272 sr
655 1208 805 1272 tnihil
828 1207 966 1294 adrogo,
988 1211 1026 1272 ut
1049 1211 1082 1272 te
1105 1229 1160 1273 co-

148 1297 272 1380 piosius
305 1319 403 1380 quam
434 1318 485 1361 me
517 1301 629 1381 putem
656 1317 752 1380 posse
781 1296 893 1360 dicere.
943 1295 1067 1361 Verum
1096 1317 1160 1382 ego

147 1385 287 1449 forsitan
318 1387 454 1468 propter
484 1384 726 1449 multitudinem
753 1388 966 1468 patronorum
994 1384 1029 1448 in
1058 1405 1161 1470 grege

149 1472 352 1557 adnumerer,
380 1477 413 1537 te
440 1494 552 1558 pugna
573 1471 751 1538 Cannensis
777 1475 1003 1537 accusatorum
1027 1476 1080 1537 sat
1102 1473 1161 1538 bo·

147 1581 226 1624 num
239 1559 325 1625 fecit
356 1560 478 1625 Multos
493 1581 604 1626 caesos
621 1582 688 1626 non
709 1560 750 1626 ad
764 1559 1022 1625 Trasumennum
1041 1562 1161 1645 lacum,
1177 1577 1206 1619 1⁵

148 1648 204 1712 sed
227 1648 269 1712 ad
292 1645 465 1714 Servilium
487 1649 635 1714 vidimus.

95 1748 129 1796 ιο
215 1733 308 1814 Quis
326 1737 382 1800 ibi
404 1758 479 1802 non
503 1743 562 1800 est
548 1737 814 1802 tviilneratus
837 1736 940 1802 ferro
960 1736 1160 1825 Phrygio?

147 1822 224 1890 Non
253 1846 384 1890 necesse
411 1828 462 1890 est
489 1847 600 1890 omnes
628 1846 881 1890 commemorare
909 1823 1054 1909 Curtios,
1091 1826 1161 1891 Ma·

148 1913 228 1998 rios,
251 1914 388 1998 denique
410 1913 435 1996 †
456 1913 649 1996 Mammeos,
672 1934 753 1997 quos
775 1913 842 1978 iam
866 1917 919 1978 aet
921 1933 956 1977 as
980 1937 1000 1977 a
1021 1877 1160 1998 ploeliis

148 2002 316 2086 avocabat,
333 2005 499 2087 postremo
518 2001 712 2066 Priamum
702 2021 811 2085 rpsum
830 2022 948 2084 senem,
964 2001 1033 2066 Ant
1018 2002 1161 2087 tistium,
1175 2020 1205 2060 ιο

147 2110 243 2172 quem
265 2111 332 2154 uon
355 2089 451 2154 modo
476 2093 575 2173 aetas,
598 2089 654 2154 sed
677 2089 776 2154 etiam
799 2090 888 2175 leges
912 2111 1060 2175 pugnare
1082 2113 1162 2175 pro-

146 2177 313 2242 hibebant.
357 2177 428 2243 Iam
457 2199 537 2262 quos
561 2199 657 2242 nemo
679 2181 813 2262 propter
834 2178 1080 2264 ignobilitatem
1102 2201 1161 2244 no-

147 2265 261 2347 minat,
284 2267 422 2330 sescenti
440 2269 525 2350 sunt,
549 2266 604 2350 qui
621 2267 707 2331 inter
725 2265 860 2332 sicarios
879 2270 912 2330 et
931 2267 969 2330 de
992 2267 1160 2332 veneficiis

147 2353 357 2437 accusabant3
385 2354 441 2438 qui
467 2374 593 2437 omnes,
621 2354 707 2438 quod
734 2354 775 2418 ad
802 2376 853 2419 me
877 2355 1009 2437 attinet,
1035 2356 1159 2421 vellem

146 2441 302 2506 viverent.
345 2440 438 2506 Nihil
466 2443 552 2507 enim
575 2443 726 2507 malit
676 2445 726 2506 est
749 2464 844 2508 canes
866 2443 913 2507 ibi
936 2464 1033 2526 quam
1057 2445 1159 2526 pluri—
1175 2461 1202 2502 ιι

146 2550 217 2594 mos
237 2551 315 2615 esse,
338 2530 395 2594 ubi
415 2530 568 2616 permult
561 2555 571 2594 1
544 2531 783 2596 tobservandi
805 2530 889 2595 mult
875 2535 972 2615 taque
996 2533 1160 2596 servanda

93 2628 125 2676 91
146 2620 231 2683 sunt.
270 2617 472 2701 Verum,ut
457 2620 549 2700 tfit,
577 2620 683 2684 multa
707 2639 803 2703 saepe
825 2619 999 2702 inprudent
985 2619 1108 2684 tibus
1099 2642 1159 2684 rm-

145 2728 223 2790 pera
224 2707 351 2772 toribus
382 2707 432 2771 vis
462 2707 542 2771 belli
570 2729 608 2772 ac
635 2707 733 2772 turba
759 2707 902 2772 molitur.
948 2705 1073 2772 Dum
1063 2729 1093 2772 rs
1122 2710 1159 2773 in

147 2795 220 2859 aliis
239 2795 335 2860 rebus
360 2799 430 2861 erat
454 2799 637 2881 occupatus,
661 2795 716 2878 qui
739 2816 899 2860 summam
923 2817 1030 2860 rerum
1055 2797 1158 2862 admi·

144 2883 317 2968 nistrabat,
341 2887 434 2948 erant
456 2882 589 2968 interea,
613 2883 754 2968 quisuis
777 2883 966 2948 vulneribus
991 2884 1157 2950 mederen·
1174 2902 1202 2942 w

144 2973 213 3055 tur;
241 2973 309 3056 qui,
337 2975 506 3056 tamquam
535 2972 563 3036 si
589 2973 693 3037 offusa
714 2972 761 3036 rei
785 2972 933 3056 publicae
957 2972 1159 3056 sempiterna

144 3079 208 3123 nox
223 3063 318 3144 esset,
336 3061 384 3125 ita
397 3060 536 3125 ruebant
554 3060 588 3124 in
606 3060 749 3125 tenebris
769 3060 941 3144 omniaque
959 3060 1158 3145 miscebant3

146 3168 165 3210 a
188 3147 305 3231 quibus
332 3149 447 3232 miror,
473 3170 514 3214 ne
538 3149 623 3233 quod
646 3148 837 3214 iudiciorum
860 3153 946 3213 esset
967 3170 1024 3214 ves
1025 3149 1157 3235 tigium,

143 3255 210 3299 non
237 3236 394 3300 subsellia
416 3258 543 3321 quoque
566 3258 637 3301 esse
660 3236 810 3302 combust
795 3240 843 3320 ta3
870 3258 946 3302 nam
970 3241 1003 3301 et
1026 3259 1157 3303 aecusa-

144 3325 232 3386 tores
252 3327 286 3386 et
307 3324 428 3389 iudices
453 3329 523 3388 sust
509 3325 663 3389 t.ulerunt
703 3323 776 3389 Hoc
799 3325 960 3390 commodi
983 3329 1042 3408 est,
1067 3327 1156 3409 quod
1171 3342 1201 3383 ⁸⁵

144 3407 192 3470 ita
212 3409 375 3494 vixerunt,
397 3415 435 3475 ut
456 3415 557 3476 testes
581 3433 707 3495 omnes,
730 3412 759 3476 si
781 3417 949 3498 cuperent,
970 3413 1156 3478 interficere

143 3514 211 3556 non
241 3502 389 3581 possent3
424 3520 514 3584 nam,
547 3498 641 3563 dum
653 3498 822 3564 hominum
855 3521 956 3587 genus
989 3501 1064 3587 erit,
1098 3503 1156 3586 qui
