2576 3882
168 205 235 272 204
468 207 508 262 ΙΝ
527 207 556 263 (1.
570 207 725 263 VERREM
742 207 819 265 AGT.
839 207 874 266 Π.

168 351 344 416 maximam
362 351 531 418 Messanae
551 375 621 418 esse
642 353 771 437 publice
794 353 915 420 coactis
939 354 1045 440 operis
1070 355 1180 422 aedifi·
1277 398 1278 448 ,

168 443 288 525 catam,
306 440 455 525 idemque
474 441 742 507 Mamertinorum
763 441 892 528 legatus
910 442 1006 508 istius
1024 443 1180 510 laudator

167 549 234 593 non
256 529 363 594 solum
385 529 486 595 istum
508 531 595 595 bona
618 552 689 615 sua,
712 531 947 597 verumetiam
971 553 1063 597 sacra
1086 533 1179 598 deos·

169 638 231 701 que
266 621 401 702 penates
434 641 454 682 a
485 619 663 684 maioribus
700 618 839 684 traditos
872 641 910 684 ex
942 620 1074 686 aedibus
1107 621 1178 686 suis
1277 621 1278 690 l

169 705 325 789 eripuisse
357 706 448 772 dixit.
496 706 668 772 Praeclara
697 707 856 791 laudatio,
888 730 961 773 cum
988 709 1112 774 duabus
1140 709 1205 776 ins

1277 827 1278 870 l

1277 947 1278 982 l

168 794 264 858 rebus
292 794 478 880 legatorum
504 817 570 861 una
593 817 692 880 opera
714 796 929 880 consumitur,
955 797 991 861 in
1012 798 1177 864 laudando

169 885 267 965 atque
294 883 482 967 repetendo!
527 883 636 967 Atque
664 904 702 948 ca
727 883 801 967 ipsa
824 884 938 949 civitas
962 907 1026 970 qua
1047 886 1178 951 10110110
1277 885 1278 914 ³

167 970 225 1034 isti
257 971 361 1036 amica
391 971 447 1055 sit,
479 970 603 1036 dicetur
630 974 719 1036 certo
746 973 828 1037 loco.
871 972 1051 1056 Reperietis
1080 975 1178 1060 enim,
1277 985 1278 1078 1

170 1080 251 1142 quae
270 1080 385 1125 causae
402 1057 642 1124 benivolentiae
659 1059 862 1125 Mamertinis
881 1082 960 1146 erga
977 1061 1078 1126 istum
1099 1063 1177 1148 sint,

170 1169 224 1212 aas
251 1147 339 1230 ipsas
368 1168 481 1212 causas
507 1147 588 1212 satis
610 1147 714 1212 iustas
739 1169 810 1214 esse
832 1148 1057 1215 damnationis.
1097 1149 1178 1216 Alia
1194 1173 1219 1212 ro

117 1246 151 1294 14
169 1235 285 1300 civitas
316 1235 421 1318 nulla,
452 1234 586 1319 iudices,
618 1235 748 1319 publico
781 1237 917 1302 consilio
944 1238 1065 1303 laudat.
1113 1238 1177 1304 Vis

169 1323 228 1387 illa
248 1321 366 1386 summi
383 1321 512 1406 imperii
529 1326 659 1389 tantum
681 1324 790 1408 potuit
812 1325 897 1410 apud
919 1347 1095 1410 perpaucos
1118 1326 1177 1393 ho-

169 1410 287 1494 mines,
321 1431 387 1475 non
423 1410 584 1496 civitates,
620 1416 658 1476 ut
695 1417 751 1476 aut
786 1413 943 1478 levissimi
975 1415 1106 1499 quidam
1136 1437 1178 1481 011

169 1497 360 1563 miserrimis
388 1499 680 1584 desertissimisque
708 1501 835 1584 oppidis
857 1501 1090 1588 invenirentur,
1119 1503 1177 1588 qui

168 1586 294 1651 iniussu
314 1587 428 1672 populi
451 1609 488 1653 ac
511 1591 643 1653 senatus
665 1589 957 1674 proficiscerentur,
980 1591 1095 1676 antii,
1118 1593 1177 1677 qui
1193 1613 1218 1654 1⁵

170 1678 284 1740 contra
296 1676 398 1740 istum
411 1676 515 1764 legati
531 1677 651 1742 decreti
669 1680 761 1742 erant
780 1681 813 1742 et
830 1679 1053 1743 testimonium
1071 1680 1177 1765 publi·

170 1785 242 1829 cum
260 1764 477 1848 mandataque
499 1769 698 1850 acceperant,
721 1765 755 1830 11
777 1788 814 1831 00
837 1769 927 1830 metu
949 1768 1176 1834 retinerentur.

170 1851 262 1928 Quod
290 1873 351 1938 ego
377 1853 412 1918 in
439 1854 550 1937 paucis
578 1857 689 1918 tamen
715 1875 776 1918 usu
800 1855 927 1919 10111000
948 1877 1015 1920 non
1037 1857 1177 1924 moleste

169 1940 245 2024 tuli,
272 1963 336 2024 quo
363 1941 507 2024 reliquae
534 1944 585 2006 tot
613 1945 646 2006 et
673 1945 785 2006 tantae
812 1946 844 2006 01
869 1946 938 2008 10111
960 1965 1076 2029 graves
1099 1945 1177 2010 0111·

170 2032 268 2112 10100,
294 2031 366 2092 tota
389 2029 526 2113 denique
549 2028 660 2095 Sicilia
681 2031 755 2114 plus
779 2031 982 2095 auctoritatis
1007 2033 1092 2117 apud
1113 2055 1175 2098 100
1191 2056 1218 2096 ro

168 2116 314 2198 haberet,
332 2137 405 2180 cum
424 2115 576 2181 videretis
595 2118 688 2182 nulla
705 2118 738 2182 11
756 2119 898 2203 101111011,
919 2120 1012 2184 1111110
1029 2120 1176 2205 periculo

169 2203 335 2289 prohiberi
366 2203 525 2288 potuisse,
560 2227 623 2289 quo
656 2206 762 2270 minus
794 2207 1028 2292 experirentur,
1060 2210 1176 2293 ecquid

170 2290 255 2376 apud
277 2311 336 2355 100
362 2291 581 2374 querimoniae
603 2295 749 2358 valerent
773 2294 1073 2378 antiquissimorum
1095 2297 1176 2362 fide-

118 2390 150 2440 11
169 2379 432 2462 lissimorumque
446 2380 615 2445 sociorum.
647 2381 733 2446 Nam
747 2382 833 2466 quod
846 2382 985 2448 fortasse
998 2407 1064 2450 non
1077 2407 1176 2451 nemo

168 2469 313 2534 vestrum
332 2467 479 2552 audierit,
501 2469 602 2534 istum
621 2492 640 2535 a
659 2467 868 2554 Syracusanis
887 2472 1016 2555 publice
1039 2473 1176 2560 laudari,
1190 2494 1216 2536 10

167 2556 202 2620 id
219 2555 352 2620 tametsi
370 2555 477 2641 priore
497 2556 623 2623 actione
646 2579 685 2622 ex
705 2559 849 2623 Heraclii
867 2557 1061 2642 Syracusani
1082 2563 1176 2628 testi·

167 2643 278 2708 monio
297 2644 386 2708 cuius
409 2645 497 2709 modi
520 2649 606 2710 00001
628 2646 836 2730 cognovistis,
858 2651 969 2713 tamen
991 2649 1084 2714 vobis
1107 2651 1175 2716 alio

168 2733 254 2816 loco,
280 2734 318 2796 ut
345 2753 379 2796 se
406 2736 478 2797 tota
505 2754 556 2797 res
579 2734 712 2816 habeat,
740 2735 825 2818 quod
848 2736 889 2800 ad
912 2758 984 2801 eam
1006 2738 1175 2804 civitatem

168 2820 316 2903 attineat,
339 2820 622 2886 demonstrabitur.
662 2820 866 2908 Intellegetis
886 2825 973 2889 enim
994 2825 1093 2890 nullis
1116 2827 1175 2892 ho·

168 2909 309 2973 minibus
338 2929 532 2992 quemquam
555 2911 649 2974 tanto
673 2909 746 2974 odio
771 2916 891 2994 quanto
914 2913 1014 2979 istum
1038 2912 1175 2999 Syracu·
1190 2936 1216 2976 ro

168 2997 255 3061 sanis
279 2999 311 3060 et
334 3017 404 3060 esse
428 2999 460 3060 01
482 2996 590 3061 1111000.

128 3079 148 3144 6
233 3083 280 3147 Α1
302 3084 387 3148 enim
409 3084 509 3149 istum
529 3082 629 3150 Siculi
652 3085 716 3150 soli
736 3094 982 3174 persequuntur,
1005 3091 1090 3156 cives
1109 3091 1176 3158 Ro·

166 3172 268 3255 mani,
296 3173 351 3257 qui
373 3172 407 3249 ip
430 3170 540 3239 Sicilia
562 3174 786 3262 negotiantur,
812 3177 998 3264 defendunt,
1022 3179 1174 3264 diligunt,

166 3261 293 3325 salvum
322 3281 392 3325 esse
420 3261 562 3346 cupiunt.
611 3263 769 3348 Primum,
802 3265 830 3330 si
855 3265 904 3331 ita
931 3270 1029 3349 esset,
1061 3271 1175 3334 tamen
1277 3283 1278 3294 *

165 3347 290 3428 100111
315 3348 377 3413 hac
405 3351 593 3432 quaestione
621 3351 659 3416 de
685 3353 829 3437 pecuniis
857 3356 1057 3440 repetundis,
1090 3378 1174 3440 quae
1190 3375 1216 3416 05
1277 3397 1278 3412 2

166 3433 325 3498 sociorum
353 3456 450 3500 causa
477 3438 655 3502 constituta
679 3443 729 3503 est
752 3441 822 3526 lege
845 3442 1026 3528 iudicioque
1049 3445 1174 3530 sociali,
1277 3437 1278 3530 1

113 3530 146 3577 10
165 3519 326 3583 sociorum
341 3522 558 3604 querimonias
574 3524 683 3590 audire
698 3531 872 3611 oporteret.
900 3528 962 3596 Sed
979 3533 1175 3619 intellegere
1277 3531 1278 3604 l
