2590 3884
188 203 252 270 198
288 200 375 257 mc.
394 199 548 256 VERREM
566 198 646 256 Aer.
665 199 699 254 II.
731 198 831 254 LIB.I
872 198 1071 267 0619157,
1093 203 1148 255 158.

186 345 236 414 tui
264 345 413 410 deterret.
461 344 537 411 Non
569 345 673 410 dicem
701 344 747 427 id,
780 342 866 428 quod
896 344 1037 428 probare
1068 343 1190 410 difficile

187 437 251 518 cst3
282 433 345 500 hoo
374 434 492 517 dicam,
525 434 611 518 qnod
637 432 807 498 ostendam
835 431 956 498 multos
984 453 1024 496 ex
1050 435 1085 498 te
1110 432 1191 498 viros

186 522 360 607 primarios
389 522 530 606 audisse,
560 544 633 587 cum
659 522 781 587 diceres
804 520 932 608 ignosci
953 519 1017 585 tibi
1039 524 1194 606 oportere,
1280 521 1281 578 i

188 612 274 695 quod
304 609 426 677 falsum
458 611 599 677 codicem
631 609 821 694 protuleris3
858 631 948 693 nom,
980 630 1046 693 qus
1076 609 1194 676 invidio
1280 671 1281 674 ,

187 697 223 765 Ο.
249 698 361 765 Iunius
390 699 617 786 conflagravit,
645 719 697 782 eo,
720 698 785 764 nisi
811 698 1023 782 providisses,
1050 697 1224 782 sibiipsis

136 805 187 857 158
205 791 277 852 tum
294 789 494 874 pereundum
511 788 636 853 fnisset.
676 785 749 853 Hoc
767 786 863 852 modo
882 786 945 852 iste
966 786 1029 852 sibi
1047 790 1082 852 et
1100 786 1197 852 soluti

188 898 265 942 sune
282 877 468 962 prospicere
486 877 597 942 didicit
615 875 782 941 referendo
800 875 836 941 in
853 876 984 941 tabulas
1003 879 1036 940 et
1052 876 1196 960 privatos

188 969 220 1031 ct
247 965 408 1050 publices,
437 966 523 1050 quod
552 968 681 1050 gestum
708 986 773 1032 non
797 967 898 1048 esset,
924 964 1086 1048 tollendo,
1114 963 1198 1048 qnod

187 1058 282 1138 esset,
301 1057 333 1119 et
348 1075 474 1140 semper
493 1054 615 1138 aliquid
634 1053 799 1138 demendo,
818 1052 983 1137 contende,
1001 1053 1198 1137 interpolen-

188 1143 242 1226 do;
274 1164 311 1208 eo
339 1142 426 1209 enim
455 1164 556 1228 usque
586 1141 806 1228 progreditur,
838 1145 876 1207 nt
906 1163 947 1207 ne
979 1141 1198 1207 defensionem
1216 1157 1244 1198 1⁰
1281 1138 1282 1206 i

188 1231 317 1316 quidem
345 1231 578 1296 maleficiorum
605 1252 737 1296 snorum
765 1230 833 1295 sine
863 1230 937 1296 eliis
960 1230 1129 1296 meleficiis
1152 1251 1200 1294 re
1281 1237 1282 1262 ³

186 1319 292 1404 perire
312 1319 425 1402 possit.
465 1318 546 1385 Eius
569 1319 657 1386 modi
680 1318 947 1384 subsortitionem
969 1318 1068 1385 homo
1092 1340 1201 1384 omen-

186 1407 335 1472 tissimus
368 1429 499 1472 suornm
532 1429 659 1494 qnoque
692 1408 834 1474 iudicum
868 1408 939 1473 fore
974 1407 1105 1492 putavit
1141 1429 1201 1491 per

187 1495 333 1562 sodalem
351 1517 445 1561 suum
463 1494 500 1571 Q.
515 1495 672 1580 Omtium,
696 1496 834 1562 indicem
854 1496 1054 1581 quaestionis
1079 1498 1202 1581 [suae];

187 1583 239 1649 oui
260 1583 325 1648 nisi
347 1605 409 1670 ego
431 1585 464 1650 vi
487 1587 601 1670 populi
623 1588 720 1670 atque
743 1585 911 1671 hominnm
935 1585 1077 1651 clamore
1100 1588 1201 1669 etque
1216 1599 1244 1641 1⁵

187 1671 332 1738 convicio
355 1673 557 1758 restitissem,
581 1696 619 1740 ex
642 1675 703 1740 hoe
721 1674 850 1740 decuria
868 1676 986 1758 vestra,
1008 1673 1099 1740 cuins
1117 1674 1203 1739 mihi

188 1761 315 1845 copiam
338 1784 436 1846 quem
459 1763 643 1850 largissime
665 1762 787 1829 factem
810 1763 997 1847 oportebat,
1026 1784 1108 1846 quos
1135 1762 1202 1828 iste

188 1849 354 1937 odnuerot,
375 1851 410 1916 in
431 1873 524 1918 snum
543 1851 715 1918 consilium
733 1852 802 1918 sine
816 1873 914 1917 oense
928 1850 1203 1919 subsortiebotur.
