2590 3884
154 207 217 274 170
457 205 498 262 IN
517 204 546 262 G.
560 203 715 261 VERREM
732 203 811 260 AOT.
830 204 863 259 11.

151 351 292 417 Romani
319 351 562 435 circumsessus,
592 372 660 416 non
686 349 783 415 modo
810 349 894 435 igni,
925 347 1029 434 ferro,
1058 371 1167 434 manu,

150 440 253 524 copiis
281 443 502 525 oppugnatus,
531 438 587 504 sed
614 439 725 522 aliqua
752 460 791 504 ex
818 442 912 523 parts
939 438 1085 504 violatus
1115 439 1168 523 sit,

151 528 216 594 nisi
237 528 367 614 publice
391 528 471 593 satis
494 528 618 593 facturn
641 528 694 610 sit,
717 527 747 592 ei
770 527 897 593 civitati
918 527 1044 592 bellum
1067 527 1168 593 indici

100 626 134 679 ⁸0
153 620 250 701 atque
264 616 378 682 inferri
393 617 506 683 solere.
539 616 628 693 Quae
645 615 709 681 fuit
725 616 829 702 igitur
847 637 953 701 causa,
971 638 1030 680 cur
1049 620 1168 681 cuncta

151 706 266 772 civitas
285 704 580 790 Lampsacenorum
601 705 641 769 de
664 703 823 789 contione,
847 726 943 789 quem
967 704 1008 768 ad
1031 704 1194 770 modnms

151 798 222 860 tute
242 794 367 879 scribis,
387 795 519 860 domum
536 797 629 859 tuam
648 793 875 859 concurreret?
898 797 936 857 tu
954 792 1042 858 enim
1060 814 1168 878 neque

151 883 186 947 in
213 883 349 968 litteris,
375 905 455 968 quas
483 881 607 948 Neroni
634 882 754 966 mittis,
779 903 884 966 neque
910 881 946 945 in
972 881 1166 947 testimonio
1198 895 1202 904 '

151 993 282 1038 oausam
309 971 396 1037 tanti
422 971 582 1036 tumultus
610 970 756 1036 ostendis
783 969 901 1054 ullam3
931 970 1103 1035 obsessum
1131 974 1168 1035 te

152 1061 245 1144 dieis,
270 1062 381 1146 ignem
404 1060 556 1142 allatum,
584 1063 751 1125 sarmenta
772 1058 986 1142 cucumdats,
1014 1058 1167 1123 lictorem

150 1153 244 1215 tuum
272 1149 414 1213 occisum
436 1169 507 1213 esse
530 1147 624 1232 dicis,
652 1147 831 1232 prodeundi
853 1147 917 1212 tibi
937 1147 973 1211 in
995 1147 1167 1232 publicum
1184 1167 1210 1207 ιο

150 1240 349 1324 potestatem
365 1236 489 1301 factam
505 1257 622 1321 negss3
645 1257 776 1302 causam
799 1235 896 1301 huius
918 1235 1005 1301 tanti
1027 1236 1167 1301 terroris

151 1326 305 1391 occultas.
340 1325 436 1410 Nam,
457 1325 602 1409 siquam
621 1325 764 1390 Rubrius
782 1323 936 1388 iniuriam
955 1345 1013 1389 suo
1031 1325 1167 1390 nominc

151 1435 188 1478 ao
210 1435 278 1478 non
299 1412 443 1496 impulsu
464 1417 523 1478 tuo
546 1417 581 1479 et
602 1416 661 1479 tua
683 1412 862 1497 eupiditate
883 1412 1028 1497 fecisset,
1052 1412 1092 1478 de
1115 1414 1167 1478 tui

151 1502 279 1567 comitis
306 1500 425 1567 iniuria
452 1505 604 1586 questum
631 1501 672 1566 ad
694 1505 728 1566 te
749 1501 861 1586 potius
884 1523 982 1586 quarn
1005 1505 1039 1566 te
1064 1523 1166 1587 oppu-

151 1593 288 1676 gnatum
314 1589 470 1655 venirent.
516 1589 597 1656 Oum
624 1590 740 1676 igitur,
768 1611 850 1674 quae
879 1611 978 1656 causa
999 1589 1092 1656 illius
1115 1594 1167 1655 tu·
1183 1609 1212 1651 rs

150 1679 274 1743 multus
300 1678 413 1762 fuerit,
440 1682 541 1744 testes
569 1701 590 1743 a
615 1679 711 1743 nobis
738 1678 889 1762 producti
911 1678 1066 1762 dixerint,
1093 1678 1166 1764 ipse

151 1767 278 1850 celarit,
305 1789 412 1834 nonne
440 1788 571 1833 causam
595 1766 693 1850 hanc,
720 1788 819 1851 quam
841 1788 901 1832 nos
923 1766 1166 1853 proposuimus,

150 1878 223 1921 eum
249 1855 382 1921 illorum
408 1855 610 1939 testimonis,
637 1859 709 1921 tum
735 1855 830 1921 istius
858 1855 1066 1921 taciturnitas
1092 1877 1166 1941 pcr-

97 2001 140 2066 32
150 1950 249 2030 petua
271 1945 465 2010 confirmat?

96 2077 130 2128 ⁸1
216 2031 302 2098 Huic
328 2033 454 2099 homini
480 2033 621 2118 parcetis
646 2032 762 2118 igitur,
789 2032 925 2117 iudices,
952 2032 1043 2099 cuius
1066 2035 1165 2098 tanta
1181 2055 1212 2094 20

150 2125 283 2204 peccata
302 2126 388 2207 sunt,
410 2125 447 2185 ut
464 2121 498 2205 ii,
521 2121 638 2206 quibus
656 2120 792 2185 iniurias
810 2121 934 2204 feccrit,
955 2141 1060 2205 neque
1084 2122 1166 2207 legi-

149 2209 266 2274 timum
293 2212 421 2292 tempus
451 2214 620 2292 expectare
648 2208 688 2274 ad
716 2208 936 2275 ulciscendum
962 2230 1068 2294 neque
1095 2210 1164 2274 rim

149 2299 277 2360 tantam
292 2296 414 2362 doloris
428 2298 463 2360 in
476 2301 643 2381 posterum
661 2297 789 2363 differre
807 2297 996 2382 potuerint?
1020 2296 1166 2364 Circum·

150 2404 258 2448 sessus
278 2405 321 2449 cs.
358 2387 388 2448 A
412 2385 552 2469 quibus?
589 2385 882 2470 ALampsacenis.
922 2384 1079 2450 Barburis
1103 2384 1165 2452 ho-

150 2471 305 2554 minibus,
336 2472 445 2555 credo,
478 2477 535 2538 sut
564 2473 619 2558 iis,
652 2474 707 2558 qui
734 2475 848 2559 populi
874 2474 1015 2540 Romani
1041 2495 1165 2540 nomen
1178 2495 1210 2536 ss

149 2564 402 2626 contemnerent.
437 2562 543 2627 Immo
562 2584 638 2628 vero
658 2564 701 2627 ab
722 2563 908 2629 hominibus
931 2566 965 2627 et
986 2566 1106 2628 natura
1129 2567 1166 2628 et

149 2649 380 2714 consuetudine
398 2653 432 2715 et
453 2650 623 2736 disciplina
645 2651 831 2736 lenissimis,
853 2673 951 2736 porro
975 2655 1084 2717 autem
1106 2673 1165 2736 po-

148 2737 220 2824 puli
241 2737 382 2804 Romani
405 2739 592 2804 condicione
615 2739 726 2824 sociis,
752 2741 886 2804 fortune
909 2739 1026 2823 servis,
1048 2739 1164 2805 volun-

148 2830 218 2891 tate
233 2827 446 2912 supplicibus3
464 2831 501 2892 ut
517 2827 723 2912 perspicuum
743 2827 787 2892 sit
805 2829 966 2913 omnibus,
983 2829 1049 2893 nisi
1065 2832 1164 2893 tanta

150 2916 310 2981 acerbitas
324 2917 470 3001 iniuriae,
488 2919 584 2982 tanta
597 2917 647 2981 vis
662 2916 793 2982 sceleris
810 2917 936 3000 fuisset,
954 2919 993 2980 ut
1005 2915 1162 3002 Lampsa·
1177 2937 1208 2977 eo

149 3004 220 3069 ceni
247 3004 450 3070 moriendum
477 3005 540 3070 sibi
567 3007 677 3088 potius
706 3027 803 3089 quam
831 3003 1076 3090 perpetiendum
1103 3028 1163 3091 pu·

148 3095 271 3177 tarent,
302 3115 481 3176 numquam
512 3092 589 3158 illos
620 3093 655 3158 in
688 3115 761 3158 eum
793 3094 902 3159 locum
929 3114 1162 3180 progressuros

148 3180 263 3265 fuisse,
285 3185 324 3244 ut
344 3181 567 3247 vehementius
590 3182 664 3247 odio
687 3181 833 3247 libidinis
856 3185 932 3248 tuae
952 3204 1050 3266 quarn
1073 3183 1162 3268 lega·

96 3276 129 3325 82
148 3269 248 3333 tionis
268 3275 357 3334 metu
375 3273 590 3335 morerentur.
622 3269 744 3354 Nolite,
765 3293 824 3356 per
847 3270 924 3337 deos
947 3271 1162 3356 immortales,

149 3376 264 3439 cogere
283 3357 388 3421 socios
407 3361 506 3442 atque
524 3360 652 3423 exteras
670 3358 821 3430 nationes
843 3358 906 3425 hoc
928 3359 978 3424 uti
1001 3359 1162 3446 perfugio,
1176 3378 1206 3420 as

149 3462 227 3524 quo,
248 3443 313 3506 nisi
331 3466 389 3509 vos
413 3444 599 3530 vindicatis,
621 3449 756 3511 utentur
772 3448 970 3514 necessario!
1005 3447 1162 3534 Lampsa-

149 3547 244 3591 cenos
262 3530 297 3592 in
315 3530 416 3596 istum
434 3554 610 3617 numquam
628 3535 698 3598 ulla
717 3556 768 3600 res
787 3535 982 3621 mitigasset,
1002 3536 1068 3602 nisi
1085 3559 1163 3605 eum
