2622 3884
196 181 261 246 426
492 179 531 232 ΙΝ
550 178 580 235 (l.
599 177 753 234 VERREM
771 178 852 235 AGT.
870 179 904 234 Π.

197 326 343 411 ipsorum
362 322 640 408 Syracusanorum
658 324 817 410 impetum
836 324 871 390 in
890 345 945 390 eas
963 324 1099 390 tabulas
1118 323 1209 407 facio,
1290 347 1291 418 l

197 415 231 478 in
267 413 384 496 quibus
418 416 550 477 senatus
583 413 770 478 consultum
801 413 1069 498 perscripserant.
1126 412 1209 478 Eece
1290 456 1291 480 r

197 504 307 566 autern
324 523 411 566 nova
429 501 527 566 turba
545 504 644 585 atque
662 502 742 586 rixa,
764 523 805 566 ne
825 505 935 566 tamen
954 502 1056 566 istum
1075 501 1208 566 omnino

197 589 364 674 Syracusis
393 589 462 654 sinc
490 588 616 673 amicis,
645 589 715 654 sine
737 590 938 675 hospitibus,
964 590 1061 674 plane
1084 589 1209 655 nudum
1290 589 1291 670 ᾗ

196 700 267 743 esse
299 701 337 744 ao
369 678 533 744 desertum
564 678 696 762 putetis,
745 677 898 744 Retinere
929 678 1045 762 incipit
1073 678 1231 744 tabulas⁵
1290 695 1291 748 l

196 767 435 832 Theomnastus
466 765 611 851 quidam,
642 766 740 832 homo
768 766 903 832 ridicule
929 767 1077 850 insanus,
1112 788 1209 851 quem

197 854 393 941 Syracusani
420 855 637 920 Theoractum
669 859 801 940 vocant3
833 855 889 940 qui
920 855 989 922 illio
1021 855 1091 921 eius
1120 854 1209 921 modi

196 948 259 1028 est,
291 948 328 1008 ut
358 967 431 1008 eum
461 943 553 1028 puori
581 945 759 1026 sectentur,
789 947 827 1009 ut
856 965 982 1029 omnes,
1015 965 1088 1009 eum
1117 944 1209 1027 loqui
1290 1023 1291 1026 Ἴ

196 1033 311 1118 eoepit,
334 1032 506 1097 inrideant.
546 1031 652 1095 Huius
670 1034 781 1096 tamen
803 1032 940 1116 insania,
963 1053 1046 1116 quae
1069 1031 1210 1096 ridicula
1290 1027 1291 1088 l

196 1125 247 1186 est
282 1121 369 1204 aliis,
405 1120 486 1184 mihi
522 1122 593 1184 tum
629 1119 770 1185 molesta
802 1142 879 1184 sane
911 1119 988 1204 fuit3
1023 1142 1102 1185 nam
1134 1142 1209 1186 cum
1223 1138 1245 1178 a

196 1230 328 1294 spumas
356 1211 469 1293 ageret
497 1207 532 1271 in
559 1229 627 1290 ore,
658 1208 759 1272 oculis
788 1209 929 1291 arderet,
958 1230 1036 1275 voce
1064 1209 1211 1274 maxima

195 1299 262 1363 vim
287 1318 339 1361 me
363 1297 427 1360 sibi
451 1295 577 1360 adferre
600 1296 770 1381 clamaret,
797 1296 942 1380 copulati
964 1297 1000 1361 in
1021 1297 1072 1361 ius
1095 1319 1209 1380 perro·
1290 1303 1291 1342 l

145 1399 194 1448 149
213 1386 330 1449 nimus.
370 1382 434 1448 Hic
452 1404 513 1468 ego
532 1385 698 1468 postulare
717 1385 818 1469 coepi,
840 1389 878 1450 ut
896 1384 977 1450 mihi
995 1385 1128 1450 tabulas
1152 1385 1209 1450 oh

196 1473 326 1558 signare
344 1493 383 1536 ao
402 1471 573 1555 deportare
592 1472 717 1556 liceret3
738 1473 795 1538 ille
815 1476 929 1538 contra
948 1472 1061 1557 dicere,
1084 1495 1208 1559 negare

196 1582 266 1626 esse
292 1559 376 1624 illud
404 1563 537 1625 senatus
565 1561 763 1645 consultum,
789 1561 825 1626 in
851 1583 914 1646 quo
937 1565 1070 1645 praetor
1094 1563 1208 1647 appel·
1221 1582 1245 1620 15

195 1650 282 1715 latus
303 1651 398 1733 esset,
415 1669 536 1734 negare
554 1648 587 1712 id
606 1649 687 1714 mihi
705 1649 792 1713 tradi
810 1653 968 1734 oportere.
1005 1650 1078 1736 Ego
1098 1650 1208 1736 legem

194 1738 345 1820 recitare,
372 1737 517 1802 omnium
545 1737 626 1800 mihi
652 1738 840 1802 tabularum
868 1742 901 1803 et
925 1738 1113 1804 litterarum
1135 1739 1208 1803 fieri

194 1829 392 1913 potestatem
420 1829 585 1910 oportere,
612 1825 668 1890 ille
695 1825 838 1891 furiosus
861 1847 977 1913 urgere
999 1827 1083 1891 nihil
1107 1827 1149 1891 ad
1171 1848 1208 1891 se

193 1918 325 1981 nostras
359 1914 449 1999 leges
481 1913 651 1998 pertinere.
695 1913 833 1980 Praetor
862 1915 1057 2002 intellegens
1084 1936 1207 2000 negare

196 2003 259 2069 sibi
280 2005 417 2088 placere,
441 2002 527 2086 quod
549 2005 680 2066 senatus
705 2004 889 2068 consultum
912 2007 1022 2068 ratum
1045 2025 1115 2068 esse
1138 2025 1243 2068 nonrc

195 2093 339 2174 deberet,
361 2090 395 2154 id
418 2111 470 2154 me
492 2089 632 2155 Romam
656 2091 835 2176 deportare.
878 2089 961 2166 Quid
983 2092 1111 2157 multa?
1141 2092 1206 2156 nisi

194 2178 417 2246 vehementius
435 2178 561 2243 homini
579 2179 721 2243 minatus
740 2201 853 2264 essem,
875 2180 940 2244 nisi
958 2181 1042 2264 legis
1066 2181 1205 2246 sanctio-

193 2289 268 2332 nem
291 2288 493 2351 poenamque
515 2266 717 2350 reoitassem,
740 2268 928 2334 tabularum
951 2269 1032 2334 mihi
1055 2273 1204 2354 potestas

193 2356 282 2424 facta
312 2376 379 2419 non
411 2359 505 2419 esset.
555 2355 616 2419 Ille
649 2359 759 2420 autem
785 2357 933 2442 insanus,
966 2357 1022 2440 qui
1049 2379 1110 2442 pro
1137 2358 1203 2422 isto

193 2442 477 2508 vehementissime
495 2447 609 2508 contra
627 2465 678 2508 me
697 2444 919 2530 declamasset,
942 2448 1118 2530 postquam
1137 2467 1204 2511 non
1218 2466 1241 2506 rc

193 2531 380 2616 inpetravit,
393 2531 498 2615 eredo,
512 2535 550 2596 ut
562 2531 594 2595 in
611 2533 753 2617 gratiam
767 2555 892 2599 mecum
906 2534 1034 2618 rediret,
1054 2534 1204 2599 libellum

193 2620 276 2684 mihi
303 2618 372 2703 dat,
398 2619 433 2682 in
461 2641 524 2702 quo
551 2620 647 2685 istius
674 2621 764 2686 furta
791 2619 995 2706 Syracusana
1021 2622 1204 2708 perscripta
1290 2627 1291 2644 ¹

194 2712 300 2792 erant,
329 2729 410 2792 quae
439 2729 500 2793 ego
525 2711 621 2772 antea
643 2709 710 2773 iam
733 2710 775 2774 ab
799 2710 873 2775 aliis
897 2731 1074 2798 cognoram
1096 2715 1130 2776 et
1153 2733 1202 2776 ac·
1290 2717 1291 2730 ¹

193 2819 229 2863 oe
253 2819 351 2862 eram.

141 2854 193 2980 {70
230 2822 408 2950 plaudent
431 2883 553 2948 teiam
577 2906 654 2950 sane
672 2884 869 2972 Mamertini,
893 2887 1046 2972 quoniam
1069 2910 1108 2953 ex
1130 2892 1202 2954 tota
1215 2908 1240 2947 so

189 2974 361 3058 ,provincia
389 2973 452 3037 soli
477 2976 565 3057 sunt,
593 2973 649 3058 qui
672 2977 705 3038 to
728 2975 855 3041 salvum
878 2976 993 3060 velint,
1019 2977 1068 3041 ita
1090 2980 1202 3042 tamen
1290 3005 1291 3042 3

195 3062 342 3144 laudent,
369 3065 407 3126 ut
427 3059 544 3144 Heius,
570 3062 626 3146 qui
648 3061 798 3148 princeps
822 3064 997 3150 legationis
1020 3068 1083 3148 est,
1106 3065 1202 3148 adsit,
1290 3059 1291 3086 ³

193 3150 241 3214 ita
263 3150 406 3233 laudent,
432 3152 470 3213 ut
493 3148 534 3213 ad
557 3173 603 3234 ea,
627 3171 709 3234 quae
731 3152 842 3236 rogati
864 3157 967 3237 erunt,
990 3153 1071 3217 mihi
1093 3154 1201 3238 parati
1290 3197 1291 3226 ς

194 3239 260 3303 sint
291 3238 495 3322 respondere.
544 3237 594 3304 Ac
624 3259 665 3302 ne
697 3239 806 3305 subito
835 3263 855 3305 a
881 3263 933 3306 me
966 3242 1200 3326 obprimantur,
1290 3291 1291 3335 ,

192 3325 272 3390 haec
288 3346 359 3413 sum
373 3328 560 3410 rogaturus:
580 3347 696 3390 navem
709 3329 831 3410 populo
846 3328 995 3395 Romano
1011 3329 1199 3396 debeantne.
1212 3348 1237 3388 ³⁵
1290 3343 1291 3392 ff

192 3411 405 3475 Fatebuntur.
445 3411 700 3477 Praebuerintne
724 3419 875 3497 praetore
894 3416 928 3483 (l.
941 3416 1052 3482 Verre.
1093 3417 1199 3504 Nega
1290 3410 1291 3434 ¹

192 3496 284 3560 bunt.
325 3497 577 3562 Aedificarintne
599 3521 716 3565 navem
740 3503 921 3568 onerariam
944 3505 1120 3570 maximam
1142 3529 1198 3592 pu·
1290 3563 1291 3608 ,
